@article{fura2022a,
author = {Фурашов, А С and Митрофович, В В and Арбеков, А Н},
file = {:D$\backslash$:/Mendeley/Фурашов, Митрофович, Арбеков - 2022 - Математическое моделирование течения в решетках с осевым ускорением потока.pdf:pdf},
journal = {Компрессорная техника и пневматика},
language = {russian},
number = {3},
pages = {19--23},
title = {{Математическое моделирование течения в решетках с осевым ускорением потока}},
year = {2022}
}
@article{fura2022,
author = {Фурашов, А С and Арбеков, А Н and Васенина, П М and Митрофович, В В and Семилет, Н А},
doi = {10.18698/0236-3941-2022-4-138-153},
file = {:D$\backslash$:/Mendeley/Фурашов et al. - 2022 - Математическое моделирование течения в рабочем колесе вентилятора с меридиональным ускорением.pdf:pdf},
journal = {Вестник МГТУ им. Н.Э. Баумана. Серия «Машиностроение»},
language = {russian},
number = {4},
title = {{Математическое моделирование течения в рабочем колесе вентилятора с меридиональным ускорением}},
year = {2022}
}
