Automatically generated by Mendeley Desktop 1.19.8
Any changes to this file will be lost if it is regenerated by Mendeley.

BibTeX export options can be customized via Options -> BibTeX in Mendeley Desktop

@phdthesis{2019k,
author = {Николаевич, Арбеков Александр},
file = {:D$\backslash$:/Mendeley/Дис{\_}Арбеков.pdf:pdf},
language = {russian},
school = {ФГБОУ ВО «Московский государственный технический университет имени Н.Э. Баумана (национальный исследовательский университет)»},
title = {{Выбор параметров и эффективных тепловых схем газотурбинных установок замкнутого цикла для наземного и космического применения}},
type = {дис. ... доктора технических наук : 05.04.12},
year = {2019}
}
@phdthesis{2017g,
author = {Барсков, Виктор Валентинович},
language = {russian},
school = {С.-Петерб. политехн. ун-т Петра Великого},
title = {{Выбор параметров и обоснование конструктивной схемы малогабаритной газотурбинной установки с независимым соотношением частот вращения роторов турбины и компрессора}},
year = {2017}
}
@phdthesis{2022a,
author = {Коленько, Григорий Сергеевич},
file = {:D$\backslash$:/Mendeley/085d-thesis.pdf:pdf},
language = {russian},
title = {{Совершенствование осевых турбинных ступеней на основе численного моделирования нестационарного аэродинамического взаимодействия лопаточных венцов}},
year = {2022}
}
@article{Wu1952,
abstract = {A general theory of steady three-dimensional flow of nonviscous fluid in subsonic and supersonic turbomachines having arbitrary hub and casing shapes and a finite number of thick blades is presented. The solution of the three-dimensional direct and inverse problem is obtained by investigating an appropriate combination of flows on relative stream surfaces whose intersection with a z-plane either upstream of or somewhere inside the blade row forms a circular arc or a radial line. The equations obtained to describe the fluid flow on these stream surfaces show clearly the approximations involved in ordinary two-dimensional treatments, assuming flow surfaces of revolution or an infinite number of blades. They also lead to a correct solution of the three-dimensional flow in a mathematically two-dimensional manner. A general procedure to solve the direct or inverse three-dimensional problem is described for both subsonic and supersonic flow. The theory is applicable to both irrotational and rotational absolute flow at the inlet of the blade row and at both design and off-design operations.},
author = {Wu, Chung-Hua},
doi = {10.1115/1.4016114},
issn = {0097-6822},
journal = {Journal of Fluids Engineering},
month = {nov},
number = {8},
pages = {1363--1380},
publisher = {ASME International},
title = {{A General Theory of Three-Dimensional Flow in Subsonic and Supersonic Turbomachines of Axial, Radial, and Mixed-Flow Types}},
volume = {74},
year = {1952}
}
@book{Judin1964,
address = {М.},
author = {Юдин, Е Я},
language = {russian},
pages = {701},
publisher = {Стройиздат},
title = {{Борьба с шумом}},
year = {1964}
}
@article{Zamolodchikov2017,
author = {Замолодчиков, Г И},
doi = {10.7463/0117.0000920},
file = {:D$\backslash$:/Mendeley/Повышение эффективности вентилятора на различных рабочих режимах путем изменения формы лопатки направляющего аппарата.pdf:pdf},
journal = {Наука и Образование. МГТУ им. Н.Э. Баумана. Электрон. журн.},
language = {russian},
number = {01},
pages = {20--36},
title = {{Повышение эффективности вентилятора на различных рабочих режимах путем изменения формы лопатки направляющего аппарата}},
year = {2017}
}
@article{Smyth2021,
abstract = {This paper proposes a new duty-based Smith Chart as part of an improved method of selecting the geometric topology of compressors (axial, mixed or radial) in the earliest stage of design. The method has a number of advantages over previous methods: it is based on the non-dimensional flow and the nondimensional work, which aligns with the aerodynamic function of the compressor and is therefore more intuitive than specific speed and specific diameter. It is based on a large number of consistently designed compressor rotors which have been computationally predicted using RANS CFD. Most importantly, it provides the designer not only with a choice of topology but also with the complete meridional geometry of the compressor, its blade design and the number of blades. This fidelity of geometry at the very early stage of design allows the designer to undertake a true systems design optimization (noise, manufacturing, packaging constraints and cost). This has the major advantage of significantly reducing early stage design times and costs and allows the designer to explore completely new products more quickly.},
author = {Smyth, Jonathan M. and Miller, Robert J.},
doi = {10.1115/GT2021-59121},
isbn = {9780791884928},
journal = {Proceedings of the ASME Turbo Expo},
keywords = {Blades,Compressors,Computational fluid dynamics,Design,Flow (Dynamics),Geometry,Manufacturing,Noise (Sound),Optimization,Packaging,Reynolds-averaged Navier–Stokes equations,Rotors,Topology},
month = {sep},
publisher = {American Society of Mechanical Engineers Digital Collection},
title = {{Selecting a Compressor Meridional Topology: Axial, Mixed, Radial}},
url = {/GT/proceedings-abstract/GT2021/84928/1119774},
volume = {2C-2021},
year = {2021}
}
@article{Launder1974,
author = {Launder, B. E. and Sharma, B. I.},
doi = {10.1016/0094-4548(74)90150-7},
issn = {00944548},
journal = {Letters in Heat and Mass Transfer},
number = {2},
title = {{Application of the energy-dissipation model of turbulence to the calculation of flow near a spinning disc}},
volume = {1},
year = {1974}
}
@article{Sachkova2000,
address = {М.},
author = {Сачкова, Н Г},
journal = {Научный вклад в создание авиационных двигателей : ЦИАМ, 1980-2000},
language = {russian},
number = {2},
pages = {159--164},
publisher = {Машиностроение},
title = {{Математическое моделирование в компрессорах для их проектирования, доводки и обеспечения газодинамической устойчивости}},
year = {2000}
}
@article{gost10616,
address = {М.},
language = {russian},
pages = {23},
publisher = {Стандартинформ},
title = {{ГОСТ 10616-2015 Вентиляторы радиальные и осевые. Размеры и параметры}},
year = {2015}
}
@book{Lechner2003,
abstract = {Mycotoxins are small (MW approximately 700), toxic chemical products formed as secondary metabolites by a few fungal species that readily colonise crops and contaminate them with toxins in the field or after harvest. Ochratoxins and Aflatoxins are mycotoxins of major significance and hence there has been significant research on broad range of analytical and detection techniques that could be useful and practical. Due to the variety of structures of these toxins, it is impossible to use one standard technique for analysis and/or detection. Practical requirements for high-sensitivity analysis and the need for a specialist laboratory setting create challenges for routine analysis. Several existing analytical techniques, which offer flexible and broad-based methods of analysis and in some cases detection, have been discussed in this manuscript. There are a number of methods used, of which many are lab-based, but to our knowledge there seems to be no single technique that stands out above the rest, although analytical liquid chromatography, commonly linked with mass spectroscopy is likely to be popular. This review manuscript discusses (a) sample pre-treatment methods such as liquid-liquid extraction (LLE), supercritical fluid extraction (SFE), solid phase extraction (SPE), (b) separation methods such as (TLC), high performance liquid chromatography (HPLC), gas chromatography (GC), and capillary electrophoresis (CE) and (c) others such as ELISA. Further currents trends, advantages and disadvantages and future prospects of these methods have been discussed.},
address = {Berlin, Heidelberg},
booktitle = {Station{\"{a}}re Gasturbinen},
doi = {10.1007/978-3-662-10016-5},
editor = {Lechner, Christof and Seume, J{\"{o}}rg},
file = {:D$\backslash$:/Mendeley/(VDI-Buch) Alexander Wiedermann (auth.), Dr.-Ing. Christof Lechner, Prof. Dr.-Ing. J{\"{o}}rg Seume (eds.) - Station{\"{a}}re Gasturbinen-Spri(2003).pdf:pdf},
isbn = {978-3-662-10017-2},
language = {deutsch},
publisher = {Springer Berlin Heidelberg},
title = {{Station{\"{a}}re Gasturbinen}},
url = {http://link.springer.com/10.1007/978-3-662-10016-5},
year = {2003}
}
@phdthesis{2018a,
author = {Билан, Андрей Витальевич},
file = {:D$\backslash$:/Mendeley/Dissertacija{\_}Bilan{\_}A.V.pdf:pdf},
language = {russian},
school = {Ур. федер. ун-т имени первого Президента России Б.Н. Ельцина},
title = {{Статическая и динамическая прочность трубной системы горизонтальных сетевых подогревателей теплофикационных турбин}},
year = {2018}
}
@article{LIU2022,
abstract = {It is confirmed that tandem-blade configurations have potential to enlarge the flow turning in two-dimension (2D) studies. However, the potential of tandem blades to enlarge the design space for highly loaded axial compressors was rarely investigated in open literatures. The present work aims to show the capability of tandem blades to break the loading limit of conventional blades for highly loaded compressors. The 2D models of the maximum static pressure rise derived in previous work were validated by a large amount experimental data, which showed a good agreement. An E parameter was defined to evaluate the stall margin of compressor based on the theoretical models, which indicated that the tandem blade was able to increase the loading limit of axial compressors. A single-blade stage with a loading coefficient of 0.46 (based on the blade tip rotating speed) was designed as the baseline case under the guidance of the E parameter. A tandem-blade stage was then designed by ensuring that the velocity triangles were similar to the single-blade stage. The performances of both stages were investigated experimentally. The results showed that the maximum efficiency of the tandem-blade stage was 92.8{\%}, 1{\%} higher than the single; the stall margin increased from 16.9{\%} to 22.3{\%}. Besides, the maximum pressure rise of tandem rotors was beyond the loading limit of 2D single-blade cascades, which confirmed the potential of tandem blades to break the loading limit of axial compressors.},
author = {LIU, Baojie and ZHANG, Chuanhai and AN, Guangfeng and FU, Du and YU, Xianjun},
doi = {10.1016/J.CJA.2021.07.031},
file = {:D$\backslash$:/Mendeley/LIU et al. - 2022 - Using tandem blades to break loading limit of highly loaded axial compressors.pdf:pdf},
issn = {1000-9361},
journal = {Chinese Journal of Aeronautics},
keywords = {Cascades,Highly loaded axial compressors,Loading limit,Single blades,Tandem blades},
month = {apr},
number = {4},
pages = {165--175},
publisher = {Elsevier},
title = {{Using tandem blades to break loading limit of highly loaded axial compressors}},
volume = {35},
year = {2022}
}
@article{Bammert1949,
abstract = {Unter Zugrundelegung einer reibungsfreien Fl{\"{u}}ssigkeit lie{\ss} sich eine Theorie entwickeln, um das Totwasser, das sich beim Durchstr{\"{o}}men von axialen und radialen Leitr{\"{a}}dern an der Nabe bilden kann, zu berechnen. Dehnt man die theoretischen Untersuchungen auf Drallstr{\"{o}}mungen bei wirklichen Fl{\"{u}}ssigkeiten aus, dann zeigt sich, da{\ss} die Rechnung mit reibungsfreier Fl{\"{u}}ssigkeit etwas zu gro{\ss}e Totwasserabmessungen liefert. Der Vergleich mit bekannten Leitradversuchen best{\"{a}}tigt dies. Streng gelten diese Beziehungen f{\"{u}}r den freien Abflu{\ss} der Drallstr{\"{o}}mung, wo also hinter dem Leitradgitter kein Hindernis den Verlauf der Str{\"{o}}mung st{\"{o}}rt. Hier kann das Auftreten und das Ausma{\ss} des Nabentotwassers f{\"{u}}r beliebige Nabenverh{\"{a}}ltnisse und Str{\"{o}}mungswinkel vorausbestimmt werden, eine Tatsache, die besonders geeignet ist, wenn Leitradgitter ausgelegt werden. Rechnet man dabei reibungsfrei, wie das ja auch bei Anwendung der Bernoullischen Gleichung und des in der Praxis so sehr bew{\"{a}}hrten Drallsatzes der Fall ist, dann erh{\"{a}}lt man in guter N{\"{a}}herung den Verlauf der wirklichen Str{\"{o}}mung.},
author = {Bammert, K. and Kl{\"{a}}ukens, H.},
doi = {10.1007/BF00536704},
file = {:D$\backslash$:/Mendeley/Bammert, Kl{\"{a}}ukens - 1949 - Nabentotwasser hinter Leitr{\"{a}}dern von axialen Str{\"{o}}mungsmaschinen.pdf:pdf},
issn = {00201154},
journal = {Ingenieur-Archiv},
keywords = {Classical Mechanics,Theoretical and Applied Mechanics},
month = {sep},
number = {5},
pages = {367--390},
publisher = {Springer-Verlag},
title = {{Nabentotwasser hinter Leitr{\"{a}}dern von axialen Str{\"{o}}mungsmaschinen}},
url = {https://link.springer.com/article/10.1007/BF00536704},
volume = {17},
year = {1949}
}
@phdthesis{2021a,
author = {Жавроцкий, Станислав Викторович},
file = {:D$\backslash$:/Mendeley/0811-thesis.pdf:pdf},
language = {russian},
school = {Санкт-Петербургский политехнический университет Петра Великого},
title = {{Разработка научно-технических основ создания автономных газотурбинных установок, использующих энергию избыточного давления природного газа на газораспределительных станциях}},
year = {2021}
}
@article{Menter1993,
abstract = {Two new versions of the $\kappa$ — $\omega$ two-equation turbulence model will be presented. The new Baseline (BSL) model is designed to give results similar to those of the original $\kappa$ — $\omega$ model of Wilcox, but without its strong dependency on arbitrary freestream values. The BSL model is identical to the Wilcox model in the inner 50{\%} of the boundary-layer but changes gradually to the standard $\kappa$ — $\epsilon$ model (in a $\kappa$ — $\omega$ formulation) towards the boundary-layer edge. The new model is also virtually identical to the $\kappa$ — $\epsilon$ model for free shear layers. The second version of the model is called Shear-Stress Transport (SST) model. It is a variation of the BSL model with the additional ability to account for the transport of the principal turbulent shear stress in adverse pressure gradient boundary-layers. The model is based on Bradshaw's assumption that the principal shear-stress is proportional to the turbulent kinetic energy, which is introduced into the definition of the eddy-viscosity. Both models are tested for a large number of different flowfields. The results of the BSL model are similar to those of the original $\kappa$ — $\omega$ model, but without the undesirable freestream dependency. The predictions of the SST model are also independent of the freestream values but show better agreement with experimental data for adverse pressure gradient boundary-layer flows.},
author = {Menter, F. R.},
doi = {10.2514/6.1993-2906},
journal = {AIAA 23rd Fluid Dynamics, Plasmadynamics, and Lasers Conference, 1993},
publisher = {American Institute of Aeronautics and Astronautics Inc, AIAA},
title = {{ZONAL TWO EQUATION k-w TURBULENCE MODELS FOR AERODYNAMIC FLOWS}},
year = {1993}
}
@phdthesis{Kontorovich2023,
author = {Конторович, Татьяна Савельевна},
file = {:D$\backslash$:/Mendeley/Конторович Обеспечение циклической прочности оборудования парового контура при маневренной работе ПГУ.pdf:pdf},
language = {russian},
school = {ФГБОУ ВО «Национальный исследовательский университет «МЭИ»},
title = {{Обеспечение циклической прочности оборудования парового контура при маневренной работе ПГУ}},
year = {2023}
}
@book{Gambini2015,
abstract = {The turbomachinery selection process, as well as the consequent preliminary design, is based on the application of the similitude theory, which allows to ``capitalize'' all previous experience in the turbomachinery sector by transferring the results obtained for an existing machine, considered as a model, to another machine, to be designed, which is ``similar'' to the reference model. First of all (Sect. 2.1), we briefly recall the similitude theory through the dimensional analysis and the $\Pi$ theorem (Buckingham's theorem), and then (Sect. 2.2), we illustrate the effective and fundamental Balj{\'{e}}'s method, through which we can proceed not only with the choice of the turbomachine stage configuration (axial, radial, mixed flow) but we can also define the number of stages, the speed of rotation and the characteristic diameter of the turbomachine (Sect. 2.3). The numerical application of the proposed procedure will instead be developed in Chapter 8and will concern the selection of turbomachines for advanced conversion cycles.},
author = {Gambini, Marco and Vellini, Michela},
booktitle = {Springer Tracts in Mechanical Engineering},
file = {:D$\backslash$:/Mendeley/Gambini, Vellini - 2015 - Turbomachinery (Fundamentals, Selection and Preliminary Design).pdf:pdf},
isbn = {978-3-030-51298-9},
pages = {385},
title = {{Turbomachinery (Fundamentals, Selection and Preliminary Design)}},
year = {2015}
}
@article{Bloch1961,
author = {Блох, Э Л and Гиневский, А С},
journal = {Промышленная аэродинамика},
language = {russian},
number = {20},
pages = {89--136},
publisher = {Оборонгиз},
title = {{Безвихревое обтекание решетки кругов и его использование при расчёте гидродинамических решёток}},
year = {1961}
}
@book{Brusilovskiy1986,
address = {М.},
author = {Брусиловский, И В},
file = {:D$\backslash$:/Mendeley/Аэродинамический расчет осевых вентиляторов.djvu:djvu},
language = {russian},
pages = {288},
publisher = {Машиностроение},
title = {{Аэродинамический расчет осевых вентиляторов}},
year = {1986}
}
@article{Andreenkov2019,
abstract = {Турбодизельные энергоустановки автомобилей сохраняют востребованность в долгосрочной перспективе; мощностной ряд формируется варьированием степени наддува, увеличивающего литровую мощность двигателя. Но при данном способе растет тепловой поток в систему охлаждения двигателя, а размещение охладителя наддувочного воздуха повышает гидравлическое сопротивление воздушной сети. Поэтому для системы охлаждения турбодизеля необходим высоконапорный вентилятор большой производительности, что сопряжено с ростом затрат мощности на его привод. Использование отвечающего данным требованиям вентилятора, имеющего высокую эффективность, минимизирует механические потери и улучшит эффективный КПД турбодизеля. Таким образом, вентилятор диагонального типа был разработан для системы охлаждения автомобильного турбодизеля (с системой охлаждения наддувочного воздуха) – номинальная мощность двигателя 88 кВт (120 л.с.); в частности, были заданы производительность вентилятора (2,1 кг/с), наружный диаметр рабочего колеса, параметры охлаждающего воздуха. Поскольку вентилятор-прототип, позволяющий пересчитать свои характеристики на требуемые параметры, при рассмотренных условиях не существует, то был выполнен полный комплекс расчетно-теоретических исследований и экспериментальных работ. В ходе предварительных расчетов было установлено, что диагональные вентиляторы существенно превосходят осевые по эффективности (заданные условия исключают из рассмотрения центробежные вентиляторы, ввиду неприемлемых габаритов последних). При выбранных значениях углов конусов диагонального колеса, тридцать пять и ноль градусов, был получен вариант вентилятора, имеющий наибольшую эффективность. Экспериментальный образец вентилятора был спрофилирован и изготовлен, а в ходе испытаний были получены его характеристики. Номинальная мощность привода вентилятора составляет почти 6 {\%} от мощности двигателя. Экспериментальные зависимости имеют плавный характер и выгодно отличаются несколько повышенными значениями по сравнению с расчетными величинами. Выявленная тенденция обусловливает возможность широкого использования вентилятора в модельном ряду: увеличение частоты вращения вентилятора сможет обеспечить, в определенной мере, соответствие возросшим требованиям системы охлаждения турбодизелей, согласно реализуемой степени наддува.},
author = {Андреенков, А.А. and Дементьев, А.А.},
journal = {Международный журнал прикладных и фундаментальных исследований},
keywords = {автомобильный транспорт,система охлажд,турбодизель},
language = {russian},
number = {4},
pages = {9--13},
title = {{ВЕНТИЛЯТОР ДИАГОНАЛЬНОГО ТИПА ДЛЯ СИСТЕМЫ ОХЛАЖДЕНИЯ АВТОМОБИЛЬНЫХ ТУРБОДИЗЕЛЕЙ}},
year = {2019}
}
@article{Hobbs1984,
abstract = {A series of Controlled Diffusion Airfoils has been developed for multistage compressor application. These airfoils are designed analytically to be shock-free at transonic Mach numbers and to avoid suction surface boundary layer separation for a range of inlet conditions necessary for stable compressor operation. They have demonstrated, in cascade testing, higher critical Mach numbers, higher incidence range, and higher loading capability than standard series airfoils designed for equivalent aerodynamic requirements. These airfoils have been shown, in single and multistage rig testing, to provide high efficiency, high loading capability, and ease of stage matching, leading to reduced development costs and improved surge margin. The Controlled Diffusion Airfoil profile shapes tend to have thicker leading and trailing edges than their standard series counterparts, which lead to improved compressor durability.},
author = {Hobbs, D. E. and Weingold, H. D.},
doi = {10.1115/1.3239559},
file = {:D$\backslash$:/Mendeley/hobbs1984.pdf:pdf},
issn = {0742-4795},
journal = {Journal of Engineering for Gas Turbines and Power},
month = {apr},
number = {2},
pages = {271--278},
title = {{Development of Controlled Diffusion Airfoils for Multistage Compressor Application}},
url = {https://asmedigitalcollection.asme.org/gasturbinespower/article/106/2/271/407266/Development-of-Controlled-Diffusion-Airfoils-for},
volume = {106},
year = {1984}
}
@techreport{Stephens1979,
author = {Stephens, H. E.},
file = {:D$\backslash$:/Mendeley/DTIC{\_}ADA071206.pdf:pdf},
pages = {43},
title = {{DESIGN AND PERFORMANCE EVALUATION OF SUPERCRITICAL AIRFOILS FOR AXIAL FLOW COMPRESSORS}},
year = {1979}
}
@phdthesis{2017,
author = {Себелев, Александр Александрович},
language = {russian},
school = {С.-Петерб. политехн. ун-т},
title = {{Совершенствование малоразмерных турбин с осесимметричными соплами}},
year = {2017}
}
@article{Sun2020,
abstract = {Low-reaction (LR) aspirated compressor is a promising design methodology to enhance the work capacity substantially. However, for the high-load transonic compressor, to achieve LR design, the effect of different combinations of inlet pre-swirl and meridian contraction on performance has not been investigated. In addition, the quantitative advantage of LR design over convention-reaction (CR) design is also not available. This paper presents a series of aerodynamic designs of the high-load transonic compressor stage, including a CR stage and three LR stages with a comprehensive application of the LR design method and the aspiration technology. 3D calculation reveals that under the same tip speed and rotational speed and a total bleed flow fraction of 2.84{\%} of the stage inlet mass flow, the preliminary LR design achieves a total pressure ratio of 2.34 and a throughflow adiabatic efficiency of 88.11{\%}, which is respectively 30{\%} and 0.19{\%} higher over CR design. The corresponding loading coefficient rises from 0.45 to 0.66. Through the modified design of introducing non-uniform counter-swirl along the span and increasing the meridian contraction, the loading coefficient is further increased to 0.69. Due to the insufficient stall margin induced by ultra-high-load LR design, a further casing contraction of the optimized design relative to the modified one is conducted to decrease the loading and thus the stall margin is increased by 1{\%}.},
author = {Sun, Shijun and Wang, Songtao and Chen, Shaowen},
doi = {10.1016/J.AST.2020.105975},
issn = {1270-9638},
journal = {Aerospace Science and Technology},
keywords = {Adiabatic efficiency,Aerodynamic design,Loading coefficient,Low reaction,Stall margin,Transonic ultra-high-load compressor},
month = {oct},
pages = {105975},
publisher = {Elsevier Masson},
title = {{Design, modification and optimization of an ultra-high-load transonic low-reaction aspirated compressor}},
volume = {105},
year = {2020}
}
@book{Chjen1972a,
address = {М.},
author = {Чжен, П},
language = {russian},
pages = {300},
publisher = {Мир},
title = {{Отрывные течения. Том 1}},
year = {1972}
}
@article{Mao2024,
abstract = {Numerous studies (including theoretical modeling, numerical simulation, and experimental measurement) have confirmed that wake interaction is a primary factor affecting tonal and broadband noise emitted by aeroengine fans. The knowledge and techniques derived from these studies have often been applied to analyze and control the aerodynamic noise of low-speed axial/mixed-flow fans used in ventilation and cooling applications. Despite the structural similarity between aeroengine fans and axial-flow fans for ventilation and cooling, the differences in their rotor–stator spacing and operating parameters raise the question of whether or not they share completely identical or approximately similar unsteady flow and noise generation mechanisms. In this paper, we employ a large-eddy simulation to investigate the low-speed unsteady flow inside a mixed-flow fan. The triple decomposition method is used to analyze the spatiotemporal characteristics of the time-averaged, ensemble-averaged, and stochastic fluctuation velocities and pressures in both stationary and rotating coordinate systems. The results show that the unsteady flow and noise generation mechanisms inside the fan investigated in this paper are significantly different from those of aeroengine fans, mainly due to two aspects. First, the wake effect on the velocity field of the fan studied in this paper is almost negligible, and the potential interaction is the primary source of the nonuniform spatial distribution of the time-averaged velocity field and the periodic velocity disturbance. Second, the turbulent energy spectrum of the stochastic fluctuation velocity is greatly distinct from the classic turbulence spectra in the low-frequency bands.},
author = {Mao, Yijun and Gu, Xiaojiang and Xu, Chen and Yang, Dangguo},
doi = {10.2514/1.J063166},
issn = {0001-1452},
journal = {AIAA Journal},
month = {jan},
number = {1},
pages = {302--325},
title = {{Triple Decomposition of Unsteady Flow in a Low-Speed Mixed-Flow Fan}},
url = {https://arc.aiaa.org/doi/10.2514/1.J063166},
volume = {62},
year = {2024}
}
@book{Kazandjan1983,
address = {М.},
author = {Казанджан, П К and Тихонов, Н Д and Янко, А К and Тихонов, Н Д},
file = {:D$\backslash$:/Mendeley/Казанджан et al. - 1983 - Теория авиационных двигателей.pdf:pdf},
language = {russian},
pages = {217},
publisher = {Машиностроение},
title = {{Теория авиационных двигателей}},
year = {1983}
}
@article{Mitrofovich1991,
address = {М.},
author = {Митрофович, В В},
file = {:D$\backslash$:/Mendeley/Митрофович - 1991 - Определение предельных расчетных параметров осевых вентиляторов с высоким статическим КПД.pdf:pdf},
journal = {Промышленная аэродинамика},
language = {russian},
number = {4(36)},
pages = {260--280},
publisher = {Машиностроение},
title = {{Определение предельных расчетных параметров осевых вентиляторов с высоким статическим КПД}},
year = {1991}
}
@article{Mitrofovich1999,
address = {М.},
author = {Митрофович, В В},
journal = {Труды ЦАГИ},
language = {russan},
pages = {197--211},
publisher = {ЦАГИ},
title = {{Исследование отрывного течения с когерентными структурами в кольцевом закрученном потоке за рабочим колесом осевого вентилятора}},
volume = {2634},
year = {1999}
}
@article{Zamolodchikov2018,
abstract = {This paper's aim is enhancement of efficiency for fans adjusting by turn of rotor blades. A high load axial fan and a fan with decreased rotor's pitch chord ratio by reduction of blades number were investigated. Have been performed tests of the fan with design characteristics as follows: theoretical head coefficient Ht = 0,3, mass flow rate Ca = 0,4, hub's relative diameter $\nu$ = 0.6, and with blades, graded on the law of permanent circulation. The area of effective adjustment was estimated by the performance factor value $\eta$* ≥ 0,8. When changing the stagger angles in a wide range from 26° to 70°, the area of highly economical work was in variation ranges 0,26–0,78 for the mass flow rate Ca , and 0,24–0,5 for the theoretical head coefficient Ht accordingly. Tests of fans with a reduced blades number in the rotor (12 instead of 16 for the original fan) has showed that under the same stagger angles the fan's high-efficiency operating mode is approximately in the same range of Ca variation at slightly reduced values of theoretical head coefficient. Maximal performance factor has increased on 2.5{\%}. Decreasing the number of rotary blades, simplifying the turning mechanism and reducing the weight are possible in the design of fans with increased values of aerodynamic load coefficients.},
author = {Замолодчиков, Г.И. and Тумашев, Р.З. and Щеголев, Н.Л. and Фурашов, А.С. and Семилет, Н.А.},
doi = {10.12737/article_5c7e34f65790a3.68014009},
file = {:D$\backslash$:/Mendeley/Повышение эффективности промышленных вентиляторов при работе на нерасчетных режимах.pdf:pdf},
issn = {1998-071X},
journal = {Безопасность в техносфере},
language = {russian},
month = {apr},
number = {3},
pages = {43--51},
title = {{ПОВЫШЕНИЕ ЭФФЕКТИВНОСТИ ПРОМЫШЛЕННЫХ ВЕНТИЛЯТОРОВ ПРИ РАБОТЕ НА НЕРАСЧЕТНЫХ РЕЖИМАХ}},
url = {http://naukaru.ru/en/nauka/article/27783/view},
volume = {7},
year = {2019}
}
@article{Howell1945,
abstract = {There are many security systems to protect information resources, but we are still not free from possible successful attacks. This study aims at being one step towards the proposal of an intrusion detection system (IDS) that faces those attacks not previously seen (zero-day attacks), by studying the combination of clustering and neural visualization techniques. To do that, MObile VIsualization Connectionist Agent-Based IDS (MOVICAB-IDS), previously proposed as a hybrid intelligent IDS based on a visualization approach, is upgraded by adding clustering methods. One of the main drawbacks of MOVICAB-IDS was its dependence on human processing; it could not automatically raise an alarm to warn about attacks. Additionally, human users could fail to detect an intrusion even when visualized as an anomalous one. To overcome this limitation, present work proposes the application of clustering techniques to provide automatic response to MOVICAB-IDS to quickly abort intrusive actions while happening. To check the validity of the proposed clustering extension, it faces now an anomalous situation related to the Simple Network Management Protocol: a community search. This attack to get the community string (password guessing) is analysed by clustering and neural tools, individually and in conjunction. Through the experimental stage, it is shown that the combination of clustering and neural projection improves the detection capability on a continuous network flow.},
author = {Howell, A. R.},
doi = {10.1243/pime_proc_1945_153_049_02},
file = {:D$\backslash$:/Mendeley/Howell - 1945 - Fluid Dynamics of Axial Compressors.pdf:pdf},
issn = {0020-3483},
journal = {Proceedings of the Institution of Mechanical Engineers},
month = {nov},
number = {1},
pages = {441--452},
publisher = {SAGE PublicationsSage UK: London, England},
title = {{Fluid Dynamics of Axial Compressors}},
url = {https://journals.sagepub.com/doi/10.1243/PIME{\_}PROC{\_}1945{\_}153{\_}049{\_}02},
volume = {153},
year = {1945}
}
@article{SenthilKumaran2015,
abstract = {Axial Velocity Density Ratio (AVDR) is an important parameter to check the two-dimensionality of cascade flows. It can have significant influence on the cascade performance and the secondary flow structure. In the present study, the effect of AVDR has been investigated on a highly loaded Controlled Diffusion airfoil compressor cascade. Detailed 3D Computational Fluid Dynamics (CFD) studies were carried out with the cascade at five different AVDRs. Key aerodynamic performance parameters and flow structure through the cascade were analyzed in detail. CFD results of one AVDR were validated with the experimental cascade test data and were seen to be in good agreement. Loss characteristics of the cascade varied significantly with change in AVDR. Increase in AVDR postponed the point of separation on the suction surface, produced thinner boundary layers and caused substantial drop in the pressure loss coefficient. Strong end wall vortices were noticed at AVDR of 1.177. At higher AVDRs, the flow was well guided even close to the end wall and the secondary flows diminished. The loading initially improved with increase in AVDR. Beyond a certain limit, further increase in AVDR offered no improvements to the loading but rather resulted in drop in diffusion and deviation.},
author = {{Senthil Kumaran}, R. and Kamble, Sachin and Swamy, K. M.M. and Nagpurwala, Q. H. and Bhat, Ananthesha},
doi = {10.1515/tjj-2014-0036},
file = {:D$\backslash$:/Mendeley/Senthil Kumaran et al. - 2015 - Effect of Axial Velocity Density Ratio on the Performance of a Controlled Diffusion Airfoil Compressor C.pdf:pdf},
issn = {21910332},
journal = {International Journal of Turbo and Jet Engines},
keywords = {AVDR,aerodynamic performance,compressor cascade,controlled diffusion airfoil,secondary flow},
number = {4},
pages = {305--317},
title = {{Effect of Axial Velocity Density Ratio on the Performance of a Controlled Diffusion Airfoil Compressor Cascade}},
volume = {32},
year = {2015}
}
@phdthesis{Zamolodchikov2019,
address = {М.},
author = {Замолодчиков, Глеб Игоревич},
file = {:D$\backslash$:/Mendeley/Диссертация{\_}4.pdf:pdf},
language = {russian},
pages = {134},
school = {ФГБОУ ВО Московский государственный технический университет имени Н.Э. Баумана (национальный исследовательский университет)},
title = {{Разработка метода проектирования осевых вентиляторов с расширенной областью экономичной работы}},
type = {диссертация ... кандидата технических наук : 05.04.12},
year = {2019}
}
@phdthesis{2022,
author = {Левенталь, Михаил Юрьевич},
file = {:D$\backslash$:/Mendeley/085f-thesis.pdf:pdf},
language = {russian},
school = {ФГАОУ ВО «Санкт-Петербургский политехнический университет Петра Великого»},
title = {{Разработка методики определения потерь энергии в решетках профилей осевых турбин на основе численного моделирования и анализа эмпирических данных}},
year = {2022}
}
@book{Zamolodchikov1978,
address = {М.},
author = {Брусиловский, И В},
file = {:D$\backslash$:/Mendeley/Аэродинамические схемы и характеристики осевых вентиляторов ЦАГИ.djvu:djvu},
language = {russian},
pages = {200},
publisher = {Недра},
title = {{Аэродинамические схемы и характеристики осевых вентиляторов ЦАГИ}},
year = {1978}
}
@phdthesis{2019i,
author = {Байбузенко, Игорь Николаевич},
file = {:D$\backslash$:/Mendeley/диссертация{\_}БайбузенкоИН{\_}1.pdf:pdf},
language = {russian},
school = {Моск. гос. техн. ун-т им. Н.Э. Баумана},
title = {{Совершенствование воздушно-конвективных систем охлаждения лопаток турбин с внутриканальным оребрением для энергетических газотурбинных установок большой мощности}},
year = {2019}
}
@book{Gupta1987,
address = {М.},
author = {Гупта, А and Лилли, Д and Сайред, Н},
language = {russian},
pages = {588},
publisher = {Мир},
title = {{Закрученные потоки}},
year = {1987}
}
@article{Tereschenko2015,
abstract = {Efficiency improvement of gas turbine compressors is ensured by the extensive use of tandem blade rows in straightener blades of the last stages of multistage axial compressors. Their installation provides large flow deflection angles in the unstalled flow of blade rows and, consequently, a low level of losses in the design mode of the compressor. The problem of influence research of the first- and second-row blade chords ratio in tandem blade rows in a wide range of angles of attack is relevant and is of practical interest in developing recommendations for ensuring the gas-dynamic stability of gas turbine compressors. To solve the problem, the method of the computational experiment was used and characteristics of tandem compressor cascade with different first- and second-row blade chords ratios were calculated in the paper. The calculation results of the characteristics of tandem cascade were compared with the characteristics of an equivalent single compressor cascade. For the computational domain of the studied tandem and equivalent single cascades, small adaptive unstructured grid and the second-order design scheme with the local use of the first-order design scheme (High resolution) was applied. The Menter's SST model was used to solve the problems. The results showed that the aerodynamic characteristics of the tandem compressor cascades essentially depend on the first- and second-row blade chords ratio. With positive angles of attack, the quality parameter of tandem cascades is higher than that of single, with the first- and second-row blade chords ratio, corresponding to the position of the slot XIII=(0,3...0,4)b$\sigma$. With negative angles of attack, the quality parameter of tandem cascades is higher than that of single, with the first- and second-row blade chords ratio, corresponding to the position of the slot XIII=(0,5...0,7)bb$\sigma$.},
author = {Tereschenko, Yuriy and Doroshenko, Ekaterina and Zade, Jalal Abolhassan},
doi = {10.15587/1729-4061.2015.50535},
file = {:D$\backslash$:/Mendeley/issledovanie-vliyaniya-sootnosheniya-hord-profiley-na-aerodinamicheskie-harakteristiki-dvuhryadnoy-kompressornoy-reshetki.pdf:pdf},
issn = {17294061},
journal = {Eastern-European Journal of Enterprise Technologies},
keywords = {Aerodynamic characteristics,Angle of attack,Compressor,Flow,Simulation,Stall,Tandem cascade,Viscosity},
number = {8},
pages = {9--13},
title = {{Influence research of profile chords ratio on aerodynamic characteristics of tandem compressor cascade}},
volume = {5},
year = {2015}
}
@book{Ivanov1969,
address = {Донецк},
author = {Иванов, С К},
language = {russian},
title = {{Исследование и разработка вентиляторов местного проветривания с меридиональным ускорением потока: Дисс... канд. тех. наук}},
year = {1969}
}
@phdthesis{2017d,
author = {Суханов, Владимир Андреевич},
language = {russian},
school = {С.-Петерб. политехн. ун-т},
title = {{Разработка рекомендаций по повышению эффективности паротурбинных воздухоохлаждаемых конденсаторов на основе расчётно-экспериментальных исследований}},
year = {2017}
}
@phdthesis{2019d,
author = {Хоанг, Ван Чунг},
file = {:D$\backslash$:/Mendeley/0783-thesis.pdf:pdf},
language = {russian},
school = {ФГАОУ ВО Санкт-Петербургский политехнический университет Петра Великого},
title = {{Экспериментальные исследования выходного тракта ГТУ D - класса}},
year = {2019}
}
@book{Beknev1997,
abstract = {Приведены основные сведения о прикладной механике жидкости и газа энергетических установок различного назначения (турбомашин, поршневых установок, сопл, каналов при разных моделях жидкостей и газов). Изложены законы, описывающие течение среды в различных постановках. Рассмотрены основы теории пограничного слоя, особенности течений двухфазных сред, разреженных газов и проводящих сред в скрещенных электромагнитных полях, а также нестационарные течения в трубах и каналах. Учебник прошел успешную апробацию в МГТУ им. Н.Э.Баумана. Для студентов энергомашиностроительных специальностей вузов и университетов. Может быть полезен аспирантам, инженерам и научным работникам, занятым в области прикладной механики жидкости и газа.},
address = {М.},
author = {Бекнев, Б С and Епифанов, В М and Леонтьев, А И and Осипов, М И and Панков, О М and Шабаров, А Б and Янсон, Р А},
edition = {2},
editor = {Леонтьев, А И},
file = {:D$\backslash$:/Mendeley/Бекнев et al. - 1997 - Газовая динамика. Механика жидкости и газа.djvu:djvu},
isbn = {5-7038-1063-9},
language = {russian},
pages = {671},
publisher = {МГТУ им. Н.Э.Баумана},
title = {{Газовая динамика. Механика жидкости и газа}},
year = {1997}
}
@phdthesis{2021,
author = {Турецков, Алексей Васильевич},
file = {:D$\backslash$:/Mendeley/Диссертация.pdf:pdf},
language = {russian},
school = {Уральский федеральный университет имени первого Президента России Б.Н. Ельцина},
title = {{Разработка и совершенствование современной системы парораспределения теплофикационной турбины}},
year = {2021}
}
@book{Goldschtik1981,
address = {Новосибирск},
author = {Гольдштик, Михаил Александрович},
language = {russian},
pages = {366},
publisher = {Наука},
title = {{Вихревые потоки}},
year = {1981}
}
@article{Grizenko2017a,
author = {Гриценко, Никита Игоревич and Голощапов, Владимир Николаевич},
file = {:D$\backslash$:/Mendeley/Гриценко, Голощапов - 2017 - Влияние формы проточной части на уровень давления создаваемый осевым вентилятором.pdf:pdf},
journal = {Вісник НТУ «ХПІ» Серія: Енергетичні та теплотехнічні процеси й устаткуваня},
language = {russian},
number = {9 (1231)},
pages = {90--95},
title = {{Влияние формы проточной части на уровень давления создаваемый осевым вентилятором}},
year = {2017}
}
@article{Judin1947,
author = {Юдин, Е Я},
journal = {Промышленная аэродинамика},
language = {russian},
number = {3},
pages = {19--47},
publisher = {Машиностроение},
title = {{Исследование осевых вентиляторов с направляющими аппаратами}},
year = {1947}
}
@article{Qiushi2010,
abstract = {This article proposes a tandem cascade constructed to tackle the thorny problem of designing the high-loaded stator with a supersonic inflow and a large turning angle. The front cascade adopts a supersonic profile to reduce the shock wave intensity turning the flow into subsonic, while the rear cascade adopts a subsonic profile with a large camber offering the flow a large turning angle. It is disclosed that the losses would be minimized if the leading edge of the rear cascade lies close to the pressure side of the front cascade at a distance of 20{\%} pitch in pitch-wise direction without either axial spacing or overlapping in axial direction. The 2D numerical test results show that, with the inflow Mach number of 1. 25 and the turning angle of 52°, the total pressure loss coefficient of the tandem cascade reaches 0. 106, and the diffusion factor 0. 745. Finally, this article has designed and simulated a high-loaded fan stage with the proposed tandem stator, which has the pressure ratio of 3. 15 and the efficiency of 86. 32{\%} at the rotor tip speed of 495. 32 m/s. {\textcopyright} 2010 Chinese Journal of Aeronautics.},
author = {Qiushi, Li and Hong, Wu and Sheng, Zhou},
doi = {10.1016/S1000-9361(09)60181-3},
file = {:D$\backslash$:/Mendeley/Qiushi, Hong, Sheng - 2010 - Application of Tandem Cascade to Design of Fan Stator with Supersonic Inflow.pdf:pdf},
issn = {1000-9361},
journal = {Chinese Journal of Aeronautics},
keywords = {fan/compressor,stator,supersonic inflow,tandem cascade},
month = {feb},
number = {1},
pages = {9--14},
publisher = {Elsevier},
title = {{Application of Tandem Cascade to Design of Fan Stator with Supersonic Inflow}},
volume = {23},
year = {2010}
}
@book{Chen1979,
address = {М.},
author = {Чжен, П},
language = {russian},
pages = {552},
publisher = {Мир},
title = {{Управление отрывом потока}},
year = {1979}
}
@techreport{McNally1970,
author = {McNally, William D. (NASA/Lewis Research Center)},
file = {:D$\backslash$:/Mendeley/NASA{\_}NTRS{\_}Archive{\_}19700020424.pdf:pdf},
title = {{Fortran Program for Calculating Compressible Laminar and Turbulent Boundary Layers in Arbitrary Pressure Gradients}},
year = {1970}
}
@book{Deych1984,
address = {М.},
author = {Дейч, М.Е. and Зарянкин, А.Е.},
language = {russian},
pages = {384},
publisher = {Энергоатомиздат},
title = {{Гидрогазодинамика}},
year = {1984}
}
@book{Jukovskiy1967,
address = {Л.},
author = {Жуковский, М И},
file = {:D$\backslash$:/Mendeley/Unknown - Unknown - Жуковский.pdf.pdf:pdf},
language = {russian},
pages = {287},
publisher = {Машиностроение},
title = {{Аэродинамический расчет потока в осевых турбомашинах}},
url = {https://library.bmstu.ru/Catalog/Details/372844},
year = {1967}
}
@article{Schmidt1984,
abstract = {A supercritical stator blade section, previously tested in cascade, and characterized by a 'flat-roof-top' suction surface Mach number distribution, has been redesigned and retested. At near design conditions, the losses and air turning were improved over the original blade by 50 percent and 7 percent respectively. The key element in the improved performance was a small blade reshaping. This produced a continuous flow acceleration over the first one-third chord of the suction surface which successfully prevented a premature laminar separation bubble. Several recently available inviscid analysis codes and one fully viscous (Navier-Stokes) analysis code were used in the redesign process. The validity of these codes was enhanced by the test results.},
author = {Schmidt, James F. and Gelder, Thomas F. and Donovan, Leo F.},
doi = {10.2514/6.1984-1207},
file = {:D$\backslash$:/Mendeley/19840014465.pdf:pdf},
issn = {04999320},
journal = {NASA Technical Memorandum},
title = {{Redesign and Cascade Tests of a Supercritical Controlled Diffusion Stator Blade-Section.}},
year = {1984}
}
@article{Hazby2015,
abstract = {This paper describes the design of a transonic mixed flow compressor stage for an extreme duty, with an extremely high flow coefficient ($\pi$) of 0.25 and a high isentropic pressure rise coefficient ($\Psi$) of 0.56. The impeller design makes use of modern aerodynamic practice from radial and transonic axial compressors, whereby the aerodynamic blade shape involved arbitrary surfaces on several spanwise sections. Some aspects of the aerodynamic optimization of the design were limited by mechanical considerations, but nevertheless the test data obtained on a prototype stage demonstrates that acceptable performance levels can be achieved at these extreme design conditions, although map width enhancement (MWE) devices were needed to obtain an acceptable operating range. The test data are compared with computational fluid dynamics (CFD) predictions to demonstrate the validity of the design methods used.},
author = {Hazby, Hamid and Casey, Michael and Numakura, Ryusuke and Tamaki, Hideaki},
doi = {10.1115/1.4028738},
file = {:D$\backslash$:/Mendeley/Hazby et al. - 2015 - A transonic mixed flow compressor for an extreme duty.pdf:pdf},
issn = {15288900},
journal = {Journal of Turbomachinery},
number = {5},
pages = {1--10},
title = {{A transonic mixed flow compressor for an extreme duty}},
volume = {137},
year = {2015}
}
@article{Bunimovich1967,
address = {М.},
author = {Бунимович, А И and Святогоров, А А},
journal = {Лопаточные машины и струйные аппараты},
language = {russian},
number = {2},
pages = {36--66},
publisher = {Машиностроение},
title = {{Обобщение результатов исследования плоских компрессорных решеток при дозвуковой скорости}},
year = {1967}
}
@article{Wilcox1988,
abstract = {A comprehensive and critical review of closure approximations for two-equation turbulence models has been made. Particular attention has focused on the scale-determining equation in an attempt to find the optimum choice of dependent variable and closure approximations. Using a combination of singular perturbation methods and numerical computations, this paper demonstrates that: 1) conventional k-$\epsilon$ and k-$\omega$ formulations generally are inaccurate for boundary layers in adverse pressure gradient; 2) using “wall functions” tends to mask the shortcomings of such models; and 3) a more suitable choice of dependent variables exists that is much more accurate for adverse pressure gradient. Based on the analysis, a two-equation turbulence model is postulated that is shown to be quite accurate for attached boundary layers in adverse pressure gradient, compressible boundary layers, and free shear flows. With no viscous damping of the model's closure coefficients and without the aid of wall functions, the model equations can be integrated through the viscous sublayer. Surface boundary conditions are presented that permit accurate predictions for flow over rough surfaces and for flows with surface mass addition. {\textcopyright} 1988 American Institute of Aeronautics and Astronautics, Inc., All rights reserved.},
author = {Wilcox, David C.},
doi = {10.2514/3.10041},
issn = {00011452},
journal = {AIAA Journal},
keywords = {Adverse Pressure Gradient,Incompressible Boundary Layer,Incompressible Flow,Isotropic Turbulence,Kinetic Energy,Perturbation Analysis,Skin Friction,Turbulence Models,Velocity Profiles,Viscous Damping},
month = {nov},
number = {11},
pages = {1299--1310},
title = {{Reassessment of the scale-determining equation for advanced turbulence models}},
url = {https://arc.aiaa.org/doi/10.2514/3.10041},
volume = {26},
year = {1988}
}
@article{Pandya2020,
abstract = {The main objective of this research is to increase the head and efficiency of the pump so that the cooling system of a tractor can be improved. Centrifugal pumps are the most commonly used turbomachinery devices. They are utilized to raise the pressure or induce flow in a manipulate volume. The experimental setup was established at the industry to calculate the head and efficiency of the pump at various speeds and discharges. Later the CAD models of the mixed flow impeller using CAD modelling software Solidworks were developed and simulation were carried out with specified boundary conditions using ANSYS CFX software. The velocity and pressure in the outlet of the impeller could be predicted. All the experimental and simulation data are validated as the results of the head and efficiency were closer to each other. Hence, it could be predicted that what parameters are selected for improvement in the head and efficiency of the pump.},
author = {Pandya, Kapil and Jayakumar, Nitin},
doi = {10.24247/ijmperdapr202093},
issn = {22498001},
journal = {International Journal of Mechanical and Production Engineering Research and Development},
number = {2},
title = {{Experimental test and validation with simulation results for impeller of centrifugal pump using CFD analysis}},
volume = {10},
year = {2020}
}
@book{Eck1972,
address = {Berlin},
author = {Eck, Bruno},
doi = {10.1007/978-3-662-10754-6},
file = {:D$\backslash$:/Mendeley/Dr.-Ing. Bruno Eck (auth.) - Ventilatoren{\_} Entwurf und Betrieb der Radial-, Axial- und Querstromventilatoren-Springer Berlin Heide(1972).pdf:pdf},
isbn = {978-3-662-10755-3},
pages = {576},
publisher = {Springer-Verlag},
title = {{Ventilatoren}},
year = {1972}
}
@article{Brusilovskiy1962,
address = {М.},
author = {Брусиловский, И В},
journal = {Промышленная аэродинамика},
language = {russian},
number = {24},
pages = {74--81},
publisher = {Оборонгиз},
title = {{Вентиляторы с меридиональным ускорением потока}},
year = {1962}
}
@techreport{Emery1951,
abstract = {The performance of NACA 65-series compressor blade section in cascade has been investigated systematically in a low-speed cascade tunnel. Porous test-section side walls and for high-pressure-rise conditions, porous flexible end walls were employed to establish conditions closely simulating two-dimensional flow. Blade sections of design lift coefficients from 0 to 2.7 were tested over the usable angle-of-attack range for various combinations of inlet-flow angle. A sufficient number of combinations were tested to permit interpolation and extrapolation of the data to all conditions within the usual range of application. The results of this investigation indicate a continuous variation of blade-section performance as the major cascade parameters, blade camber, inlet angle, and solidity were varied over the test range. Summary curves of the results have been prepared to enable compressor designers to select the proper blade camber and angle of attack when the compressor velocity diagram and desired solidity have been determined.},
author = {Emery, James C. and Herrig, L. Joseph and Erwin, John R.},
booktitle = {National Advisory Committee for Aeronautics, NACA},
file = {:D$\backslash$:/Mendeley/naca-report-1368.pdf:pdf},
pages = {713--797},
title = {{SYSTEMATIC TWO-DIMENSIONAL CASCADE TESTS OF NACA 65-SERIES COMPRESSOR BLADES}},
year = {1951}
}
@article{Zamolodchikov2018,
author = {Замолодчиков, Г И and Тумашев, Р З},
doi = {10.18698/0536-1044-2018-10-72-82},
file = {:D$\backslash$:/Mendeley/Влияние предварительной закрутки потока на эффективность регулирования вентилятора поворотом лопаток рабочего колеса.pdf:pdf},
issn = {05361044},
journal = {ИЗВЕСТИЯ ВЫСШИХ УЧЕБНЫХ ЗАВЕДЕНИЙ. МАШИНОСТРОЕНИЕ},
keywords = {adjustable fan,cfd,rotor blades,single-stage axial flow fan,variable pitch,вентиляции,ние для интенсификации технологических,осевые вентиляторы нашли широкое,примене-,про-,цессов промышленных предприятий},
language = {russian},
number = {703},
pages = {72--82},
title = {{Влияние предварительной закрутки потока на эффективность регулирования вентилятора поворотом лопаток рабочего колеса}},
year = {2018}
}
@article{Usachov2023,
author = {Usachov, Alexandr E. and Isaev, Sergey A. and Sapunov, Oleg A. and Sustin, Sergey A.},
doi = {10.34759/trd-2023-129-11},
file = {:D$\backslash$:/Mendeley/11{\_}Usachev{\_}Isaev{\_}Sapunov{\_}Sustin.pdf:pdf},
issn = {1727-6942},
journal = {Trudy MAI},
number = {129},
title = {{Optimization of the flow around thick airfoils to improve their aerodynamic characteristics}},
url = {https://elibrary.ru/doi{\_}resolution.asp?doi=10.34759{\%}2Ftrd-2023-129-11},
year = {2023}
}
@article{Wennerstrom1990,
abstract = {This paper discusses approaches taken over many years to achieve very high loading levels in axial-flow compressors. These efforts have been associated predominantly with aircraft turbine engines. The objective has been to reduce the size and weight of the powerplant, to increase its simplicity and ruggedness, and, whenever possible, to reduce cost. In the introduction, some fundamentals are reviewed that indicate that increased work per stage can only be obtained at a cost of increased Mach number, increased diffusion, or both. The earliest examples cited are some ambitious development programs of the 1950s and 1960s. Some innovative schemes to increase diffusion limits are described that took place in the 1960s and 1970s. Major advancements in dealing with higher Mach number were made in the 1980s. Finally, a few thoughts directed toward potential future developments are presented. {\textcopyright} 1990 ASME.},
author = {Wennerstrom, A. J.},
doi = {10.1115/1.2927695},
file = {:D$\backslash$:/Mendeley/Wennerstrom - 1990 - Highly loaded axial flow compressors History and current developments.pdf:pdf},
issn = {15288900},
journal = {Journal of Turbomachinery},
number = {4},
pages = {567--579},
title = {{Highly loaded axial flow compressors: History and current developments}},
volume = {112},
year = {1990}
}
@phdthesis{.2021,
author = {Элсайед., Ахмед Мохамед Элсайед Абделати},
language = {russian},
school = {Национальный исследовательский университет «МЭИ»},
title = {{Экспериментальные исследования новых уплотнений паровых турбин}},
year = {2021}
}
@article{Merchant2005,
abstract = {The experimental investigation of an aspirated fan stage designed to achieve a pressure ratio of 3.4:1 at 1500 ft/s is presented in this paper. The low-energy viscous flow is aspirated from diffusion-limiting locations on the blades and flowpath surfaces of the stage, enabling a very high pressure ratio to be achieved in a single stage. The fan stage performance was mapped at various operating speeds from choke to stall in a compressor facility at fully simulated engine conditions. The experimentally determined stage performance, in terms of pressure ratio and corresponding inlet mass flow rate, was found to be in good agreement with the 3D viscous computational prediction, and in turn close to the design intent. Stage pressure ratios exceeding 3:1 were achieved at design speed, with an aspiration flow fraction of 3.5{\%} of the stage inlet mass flow. The experimental performance of the stage at various operating conditions, including detailed flowfield measurements, are presented and discussed in the context of the computational analyses. The stage performance and operability at reduced aspiration flow rates at design and off-design conditions are also discussed. Copyright {\textcopyright} 2005 by ASME.},
author = {Merchant, Ali and Kerrebrock, Jack L. and Adamczyk, John J. and Braunscheidel, Edward},
doi = {10.1115/1.1812323},
file = {:D$\backslash$:/Mendeley/merchant2005.pdf:pdf},
issn = {0889504X},
journal = {Journal of Turbomachinery},
number = {1},
pages = {43--51},
title = {{Experimental investigation of a high pressure ratio aspirated fan stage}},
volume = {127},
year = {2005}
}
@book{Uschakov1960,
address = {М.},
author = {Ушаков, К А and Брусиловский, И В and Бушель, А Р},
language = {russian},
pages = {422},
publisher = {Госгортехиздат},
title = {{Аэродинамика осевых вентиляторов и элементы их конструкций}},
year = {1960}
}
@article{Michaud2016,
abstract = {With the rapid evolution of additive manufacturing, 3D printed parts are no longer limited to display purposes but can also be used in structural applications. The objective of this paper is to show that 3D prototyping can be used to produce low-cost rotating turbomachinery rigs capable of carrying out detailed flow measurements that can be used, among other things, for computational fluid dynamics (CFD) code validation. A fully instrumented polymer two-stage axial-mixed flow compressor test rig was designed and fabricated with stereolithography (SLA) technology by a team of undergraduate students as part of a senior-year design course. Experiments were subsequently performed on this rig to obtain both the overall pressure rise characteristics of the compressor and the stagnation pressure distributions downstream of the blade rows for comparison with CFD simulations. In doing so, this work provides a first-of-a-kind assessment of the use of polymer additive technology for low-cost rotating turbomachinery experimentation with detailed measurements.},
author = {Michaud, Mathias and Milan, Petro and Vo, Huu Duc},
doi = {10.1155/2016/8518904},
file = {:D$\backslash$:/Mendeley/Michaud, Milan, Vo - 2016 - Low-Cost Rotating Experimentation in Compressor Aerodynamics Using Rapid Prototyping.pdf:pdf},
issn = {15423034},
journal = {International Journal of Rotating Machinery},
number = {Ldv},
title = {{Low-Cost Rotating Experimentation in Compressor Aerodynamics Using Rapid Prototyping}},
volume = {2016},
year = {2016}
}
@book{Piegl1997,
abstract = {Predicting the binding mode of flexible polypeptides to proteins is an important task that falls outside the domain of applicability of most small molecule and protein−protein docking tools. Here, we test the small molecule flexible ligand docking program Glide on a set of 19 non-$\alpha$-helical peptides and systematically improve pose prediction accuracy by enhancing Glide sampling for flexible polypeptides. In addition, scoring of the poses was improved by post-processing with physics-based implicit solvent MM- GBSA calculations. Using the best RMSD among the top 10 scoring poses as a metric, the success rate (RMSD ≤ 2.0 {\AA} for the interface backbone atoms) increased from 21{\%} with default Glide SP settings to 58{\%} with the enhanced peptide sampling and scoring protocol in the case of redocking to the native protein structure. This approaches the accuracy of the recently developed Rosetta FlexPepDock method (63{\%} success for these 19 peptides) while being over 100 times faster. Cross-docking was performed for a subset of cases where an unbound receptor structure was available, and in that case, 40{\%} of peptides were docked successfully. We analyze the results and find that the optimized polypeptide protocol is most accurate for extended peptides of limited size and number of formal charges, defining a domain of applicability for this approach.},
address = {Berlin, Heidelberg},
author = {Piegl, Les and Tiller, Wayne},
booktitle = {Choice Reviews Online},
doi = {10.1007/978-3-642-59223-2},
file = {:D$\backslash$:/Mendeley/piegl1997.pdf:pdf},
isbn = {978-3-540-61545-3},
issn = {0009-4978},
month = {oct},
number = {02},
publisher = {Springer Berlin Heidelberg},
series = {Monographs in Visual Communication},
title = {{The NURBS Book}},
url = {http://choicereviews.org/review/10.5860/CHOICE.35-0952 http://link.springer.com/10.1007/978-3-642-59223-2},
volume = {35},
year = {1997}
}
@book{gost10921,
address = {М.},
language = {russian},
pages = {45},
publisher = {Стандартинформ},
title = {{ГОСТ 10921-2017 Вентиляторы радиальные и осевые. Методы аэродинамических испытаний}},
year = {2017}
}
@article{Brusilovskiy1975b,
address = {М.},
author = {Брусиловский, И В},
journal = {Промышленная аэродинамика},
language = {russian},
pages = {93--116},
publisher = {Машиностроение},
title = {{Выбор густоты решётки профилей и угла атаки в осевых вентиляторах}},
volume = {32},
year = {1975}
}
@book{Lewis1996,
author = {Lewis, R.I.},
file = {:D$\backslash$:/Mendeley/Lewis - 1996 - Turbomachinery Performance Analysis.pdf:pdf},
isbn = {0340631910},
title = {{Turbomachinery Performance Analysis}},
year = {1996}
}
@article{Nikitin1966,
address = {М.},
author = {Никитин, Н В},
file = {:D$\backslash$:/Mendeley/Никитин - 1966 - Исследование диагональных диффузорных решёток.pdf:pdf},
journal = {Лопаточные машины и струйные аппараты},
language = {russian},
number = {1},
pages = {7--43},
publisher = {Машиностроение},
title = {{Исследование диагональных диффузорных решёток}},
year = {1966}
}
@article{Kock2017,
abstract = {Thesis (MEng)--Stellenbosch University, 2017.},
author = {Kock, M. P.},
keywords = {Axial flow compressors,Diffusers,Gas,UCTD,turbine materials},
publisher = {Stellenbosch : Stellenbosch University},
title = {{Design of a cross-over diffuser for a mixed-flow compressor impellor}},
url = {https://scholar.sun.ac.za:443/handle/10019.1/100997},
year = {2017}
}
@article{Schantarin2003,
author = {Шантарин, С},
file = {:D$\backslash$:/Mendeley/С. - 2003 - Основные направления создания высоконапорных осевых вентиляторов местного проветривания.pdf:pdf},
issn = {2307-2091},
journal = {Известия Уральского государственного горного университета},
language = {russian},
number = {17},
publisher = {Федеральное государственное бюджетное образовательное учреждение высшего образования «Уральский государственный горный университет»},
title = {{Основные направления создания высоконапорных осевых вентиляторов местного проветривания}},
url = {https://cyberleninka.ru/article/n/osnovnye-napravleniya-sozdaniya-vysokonapornyh-osevyh-ventilyatorov-mestnogo-provetrivaniya},
year = {2003}
}
@book{Belozerovskiy1978,
address = {М.},
author = {Белоцерковский, С М and Ништ, М И},
language = {russian},
pages = {352},
publisher = {Наука},
title = {{Отрывное и безотрывное обтекание тонких крыльев идеальной жидкостью}},
year = {1978}
}
@book{Salomachova1980,
abstract = {В справочнике приведены в систематизированном виде аэродинамические схемы и характеристики примерно ста центробежных вентиляторов различных типов и компоновок, для которых аэродинамические параметры (производительность и давление) меняются в широком диапазоне. Для отдельных вентиляторов даны регулировочные и акустические характеристики. Кроме безразмерных приведены также и размерные характеристики. Дан анализ схем и характеристик различных вентиляторов, установлены области их рационального использования. Справочник предназначен для инженерно-технических работников, занимающихся исследованием, проектированием и эксплуатацией центробежных вентиляторов.},
address = {М.},
author = {Соломахова, Т. С. and К., Чебышева В.},
file = {:D$\backslash$:/Mendeley/solomakhova.djvu:djvu},
language = {russian},
pages = {176},
publisher = {Машиностроение},
title = {{Центробежные вентиляторы. Аэродинамические схемы и характеристики: Справочник}},
year = {1980}
}
@phdthesis{2019h,
author = {Алексеев, Роман Андреевич},
file = {:D$\backslash$:/Mendeley/448-Диссертация.pdf:pdf},
language = {russian},
school = {Национальный исследовательский университет МЭИ},
title = {{Результаты исследований структуры потока влажного пара в межлопаточных каналах сопловой решетки с целью повышения эффективности сепарации влаги}},
year = {2019}
}
@article{Smith1966,
abstract = {An equation is derived that describes the radial variation of circumferential-average flow properties inside of a turbomachine blade row. A physical interpretation is given for each of the several terms in the equation, and the magnitudes of the terms are demon-strated with an example, Annulus taper angle is found to be rather important. The error involved in the conventional axisymmetric (infinie-blade-number) approach is shown to be more related to the loading level, e.g., the lift-coefficient level, than the number of blades. This error is found to be small for the selected example. {\textcopyright} 1966 by ASME.},
author = {Smith, L. H.},
doi = {10.1115/1.3678471},
file = {:D$\backslash$:/Mendeley/smith1966.pdf:pdf},
issn = {15288919},
journal = {Journal of Engineering for Gas Turbines and Power},
number = {1},
title = {{The radial-equilibrium equation of turbomachinery}},
volume = {88},
year = {1966}
}
@article{Papailiou1970,
abstract = {An optimization method, based on Le Foll's boundary layer theory and on Goldstein's conformal mapping method is described. The parameters of optimization are circulation per blade and absolute losses. The problem is treated as an inverse problem (i.e., the best blading is found starting from the flow conditions imposed). The performance of a highly loaded compressor cascade, designed according to the method presented and tested in a low speed wind tunnel, is compared with the theoretical predictions. Some discrepancies exist which are due to the influence of flow convergence and blade curvature. A modification of the method to take into account these effects is discussed.},
author = {Papailiou, K. D.},
doi = {10.1115/1.3445387},
file = {:D$\backslash$:/Mendeley/papailiou1971.pdf:pdf},
issn = {0022-0825},
journal = {Journal of Engineering for Power},
month = {jan},
number = {1},
pages = {147--154},
title = {{Boundary Layer Optimization for the Design of High Turning Axial Flow Compressor Blades}},
url = {https://asmedigitalcollection.asme.org/gasturbinespower/article/93/1/147/437525/Boundary-Layer-Optimization-for-the-Design-of-High},
volume = {93},
year = {1971}
}
@book{Abramovich1953,
address = {М.},
author = {Абрамович, Г Н},
language = {russian},
pages = {736},
publisher = {Гос. изд-во техн.-теорет. лит.},
title = {{Прикладная газовая динамика}},
year = {1953}
}
@article{Brusilovskiy1975,
address = {М.},
author = {Брусиловский, И В},
journal = {Промышленная аэродинамика},
language = {russian},
pages = {123--146},
publisher = {Машиностроение},
title = {{Определение предельных расчетных параметров осевых вентиляторов}},
volume = {32},
year = {1975}
}
@book{Kersten1993,
address = {М.},
author = {Керстен, И О},
isbn = {5-247-01869-9},
language = {russian},
pages = {138},
publisher = {Недра},
title = {{Измерение расхода воздуха и воды на шахтах}},
year = {1993}
}
@phdthesis{2019f,
author = {Усачев, Константин Михайлович},
file = {:D$\backslash$:/Mendeley/403-Диссертация.pdf:pdf},
language = {russian},
school = {Нац. исслед. ун-т МЭИ},
title = {{Разработка и исследование системы удаления и дробления эрозионно-опасной влаги в ступенях паровых турбин}},
year = {2019}
}
@phdthesis{2017f,
author = {Саженков, Николай Алексеевич},
language = {russian},
school = {Ур. федер. ун-т имени первого Президента России Б.Н. Ельцина},
title = {{Расчетно-экспериментальное моделирование демпфирования рабочих лопаток турбомашин демпферами сухого трения}},
year = {2017}
}
@article{Carolus2022,
abstract = {The next steps upon model based design of a fan involve manufacturing, either a full-size prototype or a scaled-down model, and experimental testing. Acceptance tests are preferably performed on standardized fan performance test rigs or, if impossible, in situ.},
address = {Wiesbaden},
author = {Carolus, Thomas},
doi = {10.1007/978-3-658-37959-9_9},
file = {:D$\backslash$:/Mendeley/Carolus - 2022 - Numerical and Experimental Methods.pdf:pdf},
journal = {Fans},
pages = {159--194},
publisher = {Springer Vieweg, Wiesbaden},
title = {{Numerical and Experimental Methods}},
url = {https://link.springer.com/chapter/10.1007/978-3-658-37959-9{\_}9},
year = {2022}
}
@article{Pinto,
abstract = {Computational fluid dynamics (CFD) plays an essential role to analyze fluid flows and heat transfer situations by using numerical methods. Turbomachines involve internal and external fluid flow problems in com-pressors and turbines. CFD at present is one of the most important tools to design and analyze all types of turbo-machinery. The main purpose of this paper is to review the state of the art work carried out in the field of turboma-chinery using CFD. Literature review of research work pertaining to CFD analysis in turbines, compressors and centrifugal pumps are described. Various issues of CFD codes used in turbomachinery and its parallelization strategy adopted are highlighted. Furthermore, the prevailing merits and demerits of CFD in turbomachinery are provided. Open areas pertinent to CFD investigation in tur-bomachinery and CFD code parallelization are also described.},
author = {Pinto, Runa Nivea and Afzal, Asif and Vinson, Loyan and Souza, D ' and Ansari, Zahid and Samee, • A D Mohammed},
doi = {10.1007/s11831-016-9175-2},
file = {:D$\backslash$:/Mendeley/Pinto et al. - Unknown - Computational Fluid Dynamics in Turbomachinery A Review of State of the Art.pdf:pdf},
journal = {Archives of Computational Methods in Engineering},
title = {{Computational Fluid Dynamics in Turbomachinery: A Review of State of the Art}},
volume = {24}
}
@phdthesis{2019g,
author = {Птахин, Антон Викторович},
file = {:D$\backslash$:/Mendeley/dissertaciya{\_}ptahin{\_}a{\_}v.pdf:pdf},
language = {russian},
school = {Всерос. теплотехн. науч.-исслед. ин-т (ВТИ)},
title = {{Исследование пусковых и переменных режимов воздушных конденсаторов и сухих градирен паровых турбин}},
year = {2019}
}
@book{Zajdel1974,
address = {Л.},
author = {Зайдель, Александр Натанович.},
language = {russian},
pages = {108},
publisher = {Наука},
title = {{Ошибки измерений физических величин}},
year = {1974}
}
@phdthesis{2017e,
author = {Кудрявцев, Игорь Александрович},
language = {russian},
school = {С.-Петерб. политехн. ун-т},
title = {{Аэродинамическое совершенствование входных устройств ЦВД мощных паровых турбин для АЭС на основе численного моделирования}},
year = {2017}
}
@book{Viktorov1969,
address = {М.},
author = {Викторов, Г В},
file = {:D$\backslash$:/Mendeley/Unknown - Unknown - 5cb09a1.djvu:djvu},
pages = {368},
publisher = {Высшая школа},
title = {{Гидродинамическая теория решёток}},
year = {1969}
}
@phdthesis{2019e,
author = {Нгуен, Ан Куанг},
file = {:D$\backslash$:/Mendeley/0782-thesis.pdf:pdf},
language = {russian},
school = {ФГАОУ ВО Санкт-Петербургский политехнический университет Петра Великого},
title = {{Влияние тангенциального наклона лопаточных венцов на характеристики и структуру потока осевой турбинной ступени}},
year = {2019}
}
@book{Achmedov1977,
address = {М},
author = {Ахмедов, Р Б},
file = {:D$\backslash$:/Mendeley/Akhmedov{\_}R{\_}B{\_}{\_}red{\_}{\_}-{\_}Aerodinamika{\_}zakruchennoy{\_}strui{\_}-{\_}1977.djvu:djvu},
language = {russian},
publisher = {Энергия},
title = {{Akhmedov{\_}R{\_}B{\_}{\_}red{\_}{\_}-{\_}Aerodinamika{\_}zakruchennoy{\_}strui{\_}-{\_}1977}},
year = {1977}
}
@article{Dovjik1958,
address = {М.},
author = {Довжик, С А},
journal = {Промышленная аэродинамика},
language = {russian},
number = {11},
pages = {140},
publisher = {Оборонгиз},
title = {{Профилирование лопаток осевого дозвукового компрессора}},
year = {1958}
}
@article{Dickens2011,
abstract = {Increasing compressor pressure ratios (thereby gaining a benefit in cycle efficiency), or reducing the number of stages (to reduce weight, cost, etc.), will require an increase in pressure rise per stage. One method of increasing the pressure rise per stage is by increasing the stage loading coefficient, and it is this topic, which forms the focus of the present paper. In the past, a great deal of effort has been expended in trying to design highly loaded blade rows. Most of this work has focused on optimizing a particular design, rather than looking at the fundamental problems associated with high loading. This paper looks at the flow physics behind the problem, makes proposals for a new design strategy, and explains sources of additional loss specific to highly loaded designs. Detailed experimental measurements of three highly loaded stages ($\Delta$h0/U2≈0.65) have been used to validate a computational fluid dynamics (CFD) code. The calibrated CFD has then been used to show that, as the stage loading is increased, the flow in the stator passages breaks down first. This happens via a large corner separation, which significantly impairs the stage efficiency. The stator can be relieved by increasing stage reaction, thus shifting the burden to the rotor. Fortunately, the CFD calculations show that the rotor is generally more tolerant of high loading than the stator. Thus, when stage loading is increased, it is necessary to increase the reaction to achieve the optimum efficiency. However, the design exercise using the calibrated CFD also shows that the stage efficiency is inevitably reduced as the stage loading is increased (in agreement with the experimental results). In the second part of the paper, the role that the profile loss plays in the reduction in efficiency at high stage loading is considered. A simple generic velocity distribution is developed from first principles to demonstrate the hitherto neglected importance of the pressure surface losses in highly loaded compressors. {\textcopyright} 2011 American Society of Mechanical Engineers.},
author = {Dickens, Tony and Day, Ivor},
doi = {10.1115/1.4001226},
file = {:D$\backslash$:/Mendeley/Dickens, Day - 2011 - The design of highly loaded axial compressors.pdf:pdf},
issn = {0889504X},
journal = {Journal of Turbomachinery},
keywords = {GT2009-59291},
number = {3},
pages = {1--11},
title = {{The design of highly loaded axial compressors}},
volume = {133},
year = {2011}
}
@article{Chen2018,
abstract = {A novel quasi-3D Computational Fluid Dynamics (CFD) method of mid-span flow simulation for compressor cascades is proposed. Two dimension (2D) Reynolds-Averaged Navier-Stokes (RANS) method is shown facing challenge in predicting mid-span flow with a unity Axial Velocity Density Ratio (AVDR). Three dimension (3D) RANS solution also shows distinct discrepancies if the AVDR is not predicted correctly. In this paper, 2D and 3D CFD results discrepancies are analyzed and a novel quasi-3D CFD method is proposed. The new quasi-3D model is derived by reducing 3D RANS Finite Volume Method (FVM) discretization over a one-spanwise-layer structured mesh cell. The sidewall effect is considered by two parts. The first part is explicit interface fluxes of mass, momentum and energy as well as turbulence. The second part is a cell boundary scaling factor representing sidewall boundary layer contraction. The performance of the novel quasi-3D method is validated on mid-span pressure distribution, pressure loss and shock prediction of two typical cascades. The results show good agreement with the experiment data on cascade SJ301-20 and cascade AC6-10 at all test condition. The proposed quasi-3D method shows superior accuracy over traditional 2D RANS method and 3D RANS method in performance prediction of compressor cascade.},
author = {Chen, Zhiqiang and Zhou, Ming and Xu, Quanyong and Huang, Xudong},
doi = {10.1515/tjj-2016-0025},
file = {:D$\backslash$:/Mendeley/chen2016.pdf:pdf},
issn = {21910332},
journal = {International Journal of Turbo and Jet Engines},
keywords = {AVDR,CFD,compressor cascade,mid-span flow,quasi-3D},
number = {1},
pages = {81--94},
title = {{A Novel Quasi-3D Method for Cascade Flow Considering Axial Velocity Density Ratio}},
volume = {35},
year = {2018}
}
@phdthesis{2019c,
author = {Солиман, Осман Мохамед Саед Мохамед},
file = {:D$\backslash$:/Mendeley/411-Диссертация.pdf:pdf},
language = {russian},
school = {Нац. исслед. ун-т МЭИ},
title = {{Исследование методов повышения эффективности диффузорных переходных патрубков парогазовых установок}},
year = {2019}
}
@book{Sirotkin1972,
address = {М.},
author = {Сироткин, А Я},
language = {russian},
pages = {448},
publisher = {Машиностроение},
title = {{Аэродинамический расчёт лопаток осевых турбомашин}},
year = {1972}
}
@article{Lieblein1959,
abstract = {A simple equation expressing the wake momentum thickness as a primary function of the suction-surface diffusion ratio (ratio of maximum surface velocity to outlet velocity) of coaventional low-speed cascade blades is derived from boundary-layer theory in conjunction with simplifying approximations. The derived equation is utilized to gain an insight into qualitative effects on stalling diffusion ratio of such factors as Reynolds number, transition location, and extent of local laminar separation. Use of parameters suggested by the analysis is shown to result in generalized experimental loss and stall correlations and in means for estimating total-pressure loss and unstalled range of operation for commonly used blades.},
author = {Lieblein, Seymour},
doi = {10.1115/1.4008481},
file = {:D$\backslash$:/Mendeley/Lieblein - 1959 - Loss and Stall Analysis of Compressor Cascades.pdf:pdf},
issn = {0021-9223},
journal = {Journal of Basic Engineering},
language = {en},
number = {3},
pages = {387--397},
title = {{Loss and Stall Analysis of Compressor Cascades}},
volume = {81},
year = {1959}
}
@article{Kim2018,
abstract = {In this study, a mixed-flow pump with a specified specific speed was optimally designed by utilizing computational fluid dynamics (CFD). Additionally, the shape of the mixed-flow pump and flow characteristics depending on the specific speed were studied, in order to development of hydrodynamic design system for mixed-flow pump. A mixed-flow pump consists of an impeller and a diffuser and the shapes of mixed-flow pumps show a certain tendency depending on specific speed. With an analysis of the shapes of a mixed-flow pump, the optimal shape to satisfy design specifications can easily be designed. The design variables of the impeller and diffuser were defined in meridional plane and vane plane development, and optimum design of the impeller and diffuser was carried out by using design of experiment (DOE). The tendencies of design variables depending on specific speed were analyzed by utilizing the shape of optimally designed mixed-flow pump. The mixed-flow pump shape of required design specification was designed by using the tendencies of design variables depending on specific speed. The performance of designed model has been verified using CFD.},
author = {Kim, Sung and Lee, Kyoung Yong and Kim, Jin Hyuk and Yoon, Joon Yong and Choi, Young Seok},
doi = {10.5293/IJFMS.2018.11.2.123},
issn = {18829554},
journal = {International Journal of Fluid Machinery and Systems},
keywords = {Design optimization,Diffuser,Hydrodynamic design system,Impeller,Mixed-flow pump},
month = {apr},
number = {2},
pages = {123--128},
publisher = {Turbomachinery Society of Japan},
title = {{Design of mixed-flow pump for Ns475 based on optimum design database}},
volume = {11},
year = {2018}
}
@article{Meng2023,
abstract = {In this paper, a transonic compressor cascade was optimized to improve its aerodynamic performance. A new blade parameterization method with 16 control variables was first proposed to fit the shapes of the suction and the pressure side, as well as the leading edge. Then, the Kriging surrogate-model-based genetic algorithm (GA) was used to optimize the performance of the transonic cascade. The optimization algorithm is effective in reducing the total pressure loss while extending the working range of the cascade. The results show that the total pressure loss coefficient could be reduced by 11{\%} at the best airflow angle and the working range could be extended by 6.9{\%} for the optimized cascade in two-dimensional simulations. Similar improvement results could also be obtained in the simulations of their linear cascade cases. Detailed analyses show that the relative maximum thickness positions of the optimized blades move forward by about 10{\%} to the leading edge, and the radii of curvature of the front half of the suction and pressure surfaces increase, compared with the initial blade. This makes the front half of the optimized blades look more closely like a wedge. Consequently, the passage shock strength is reduced and the shock changes from the passage normal shock to oblique shock. The weakened shock strength leads to the disappearance of the flow separation caused by the shock boundary layer interaction on the suction surfaces of the optimized blades, and results in a narrowed wake width at the outlet section.},
author = {Meng, Fanjie and Gong, Chaoxuan and Li, Kunhang and Xiong, Jin and Li, Jingyin and Guo, Penghua},
doi = {10.3390/machines11020244},
issn = {2075-1702},
journal = {Machines},
month = {feb},
number = {2},
pages = {244},
title = {{Aerodynamic Optimization and Mechanism Investigation on Performance Improvements in a Transonic Compressor Cascade}},
url = {https://www.mdpi.com/2075-1702/11/2/244},
volume = {11},
year = {2023}
}
@phdthesis{2017b,
author = {Аббас, Наими},
language = {russian},
school = {С.-Петерб. гос. политехн. ун-т},
title = {{Моделирование и технико-экономическая оптимизация газотурбинных установок для опреснения морской воды}},
year = {2017}
}
@book{Povch1974,
address = {Л.},
author = {Повх, И Л},
language = {russian},
pages = {480},
publisher = {Машиностроение},
title = {{Аэродинамический эксперимент в машиностроении}},
year = {1974}
}
@article{Dovjik1968,
address = {М.},
author = {Довжик, С А},
journal = {Труды ЦАГИ},
language = {russian},
number = {1099},
pages = {278},
publisher = {ЦАГИ},
title = {{Исследования по аэродинамике осевого дозвукового компрессора}},
year = {1968}
}
@article{Castegnaro2018,
abstract = {The paper presents a historical overview of the developments of aerodynamic design methods for low-speed axial-flow fans. This historical overview starts from the first fan applications, dating back to the 16th century, and arrives to the modern times of computer-based design techniques, passing through the pioneering times of aerodynamic theories and the times of designing before computers. The overview shows that the major achievements in the axial fan design discipline have actually been related to other technological fields, such as marine and aeronautical propulsion, as well as to the development of wind tunnels. At the end of the paper, the reader will have acquired a complete panorama of how the historical developments of the discipline have brought us to the current state of the art.},
author = {Castegnaro, Stefano},
doi = {10.3390/DESIGNS2030020},
file = {:D$\backslash$:/Mendeley/Castegnaro - 2018 - Aerodynamic Design of Low-Speed Axial-Flow Fans A Historical Overview.pdf:pdf},
issn = {2411-9660},
journal = {Designs 2018, Vol. 2, Page 20},
keywords = {aerodynamic design,axial,axial fan design,design history,fan design,flow fan,history of aerodynamics,history of technology,low,speed axial fans},
month = {jun},
number = {3},
pages = {20},
publisher = {Multidisciplinary Digital Publishing Institute},
title = {{Aerodynamic Design of Low-Speed Axial-Flow Fans: A Historical Overview}},
url = {https://www.mdpi.com/2411-9660/2/3/20/htm https://www.mdpi.com/2411-9660/2/3/20},
volume = {2},
year = {2018}
}
@phdthesis{2018b,
author = {Мурманский, Илья Борисович},
file = {:D$\backslash$:/Mendeley/DISSERTACIJA{\_}1{\_}.pdf:pdf},
language = {russian},
school = {Ур. федер. ун-т имени первого Президента России Б.Н. Ельцина},
title = {{Совершенствование многоступенчатых пароструйных эжекторов конденсационных установок паровых турбин}},
year = {2018}
}
@phdthesis{2016,
author = {Новицкий, Бронислав Брониславович},
language = {russian},
school = {Моск. гос. техн. ун-т им. Н.Э. Баумана},
title = {{Разработка уточнённой методики расчёта характеристик центробежного компрессора на смесях газов}},
year = {2016}
}
@article{Cevik2009,
abstract = {This paper presents the results of a design and optimization study for the impeller of a small mixed-flow compressor. The objective of the optimization is to obtain an impeller geometry that could minimize a cost function based on the specific thrust and the thrust specific fuel consumption (TSFC) of a small jet engine. The design methodology is based on generating a configurational database for various compressor geometries using 1D design codes and a commercial turbomachinery design/analysis software, application of Design of Experiments to properly sample the design space, representing the cost function variations within the design space through a neural-network and then finding the optimum configuration that minimizes the cost function. A sample design optimization study showed that the designed compressor as well as the engine that it's designed for have improved performance characteristics when compared to a typical small turbojet engine and its small radial compressor. Copyright {\textcopyright} 2009 by ASME.},
author = {{\c{C}}evik, Mert and Uzol, Oǧuz and Yavrucuk, Ilkay},
doi = {10.1115/GT2009-60298},
isbn = {9780791848883},
journal = {Proceedings of the ASME Turbo Expo},
number = {PART A},
pages = {699--707},
title = {{A robust design optimization of a mixed-flow compressor impeller}},
volume = {7},
year = {2009}
}
@phdthesis{2020,
author = {Семакина, Елена Юрьевна},
language = {russian},
school = {Санкт-Петербургский политехнический университет Петра Великого},
title = {{Разработка научно-технических методов для создания высокоэффективных проточных частей тепловых турбин на основе экспериментальных и численных исследований аэродинамики трехмерного нестационарного потока}},
year = {2020}
}
@article{Zamolodchikov2022,
author = {Замолодчиков, Г И and Фурашов, А С and Тумашев, Р З},
doi = {10.17580/gzh.2022.03.06},
file = {:D$\backslash$:/Mendeley/Zamolodchikov, Furashov, Tumashev - 2022 - Optimal adjustment of mine fan geometry and operation.pdf:pdf},
issn = {00172278},
journal = {Горный журнал},
language = {russian},
number = {3},
pages = {43--49},
title = {{Метод определения оптимального способа регулирования работы шахтного вентилятора и его геометрических параметров}},
year = {2022}
}
@article{Uschakov1963,
address = {М.},
author = {Ушаков, К А and Колесников, А В},
journal = {Промышленная аэродинамика},
language = {russian},
number = {25},
pages = {52--95},
publisher = {Оборонгиз},
title = {{Исследование потерь давления в диффузорных межлопаточных каналах осевых вентиляторов}},
year = {1963}
}
@phdthesis{2013,
author = {Караджи, Сергей Вячеславович},
language = {russian},
school = {Моск. гос. техн. ун-т им. Н.Э. Баумана},
title = {{Улучшение аэродинамических и акустических характеристик рабочих колес осевых компрессоров и вентиляторов изменением формы оси лопаток}},
type = {диссертация ... кандидата технических наук : 05.04.12},
year = {2013}
}
@article{Starke1981,
author = {Starke, J},
file = {:D$\backslash$:/Mendeley/starke1981.pdf:pdf},
pages = {210--219},
title = {{The Effect of the Axial Velocity Density Ratio on the Aerodynamic Coefficients of Compressor}},
volume = {103},
year = {1981}
}
@phdthesis{2019,
author = {Кондратьев, Антон Викторович},
file = {:D$\backslash$:/Mendeley/dissertaciya{\_}kondrat{\_}ev.pdf:pdf},
language = {russian},
school = {Всерос. теплотехн. науч.-исслед. ин-т (ВТИ)},
title = {{Расчётно-экспериментальное исследование теплогидравлических характеристик воздушных конденсаторов паровых турбин}},
year = {2019}
}
@book{Campsty2000,
address = {М.},
author = {Кампсти, Н},
file = {:D$\backslash$:/Mendeley/Кампсти - 2000 - Аэродинамика компрессоров.djvu:djvu},
pages = {688},
publisher = {Мир},
title = {{Аэродинамика компрессоров}},
year = {2000}
}
@book{Brusilovskiy1984,
address = {М.},
author = {Брусиловский, И В},
file = {:D$\backslash$:/Mendeley/Аэродинамика осевых вентиляторов.djvu:djvu},
language = {russian},
pages = {240},
publisher = {Машиностроение},
title = {{Аэродинамика осевых вентиляторов}},
year = {1984}
}
@phdthesis{-2023,
author = {Немирович-Скрабатун, Дарья Николаевна},
language = {russian},
school = {ФГБОУ ВО «Национальный исследовательский университет «МЭИ»},
title = {{Анализ систем диагностики и прогностики технического состояния турбомашин и разработка рекомендаций по подготовке данных для построения статистических моделей работы турбомашин}},
year = {2023}
}
@book{Zamolodchikov2019,
address = {М.},
author = {Замолодчиков, Глеб Игоревич},
language = {russian},
pages = {16},
publisher = {автореф{\ldots} дис. кан. тех. наук.},
title = {{Разработка метода проектирования осевых вентиляторов с расширенной областью экономичной работы}},
year = {2019}
}
@article{Cao2021,
abstract = {To reduce fan noise and weight, according to the structural characteristics of a turbofan engine, a fan rotor with an ultra-low rotating speed is designed in this study by using a new concept of diffusion blade profiles in which the rotating speed of an ultra-highly loaded rotor is only 0.58 times that of a normally loaded rotor. To further examine the applicability of this rotor, its matching stator is also designed. The flow fields in the ultra-highly and normally loaded fan stages are simulated using the same numerical method to conduct an aerodynamic characteristic comparison. Compared with the normally loaded rotor, the sizes of the boundary layers on the blade surfaces, the wakes behind the blades and the flow losses of the ultra-highly loaded rotor are smaller. At the design point, the efficiency of the ultra-highly loaded fan stages is higher than that of the normally loaded stage; moreover, the surge margin of the former is evidently larger than that of the latter. The ultra-highly loaded fan could be a good candidate for use in Ultra-High Bypass Ratio Geared Turbofan (UHBRGT) technology.},
author = {Cao, H. and Zhou, Z. G. and Ye, X. L.},
doi = {10.1017/aer.2021.64},
file = {:D$\backslash$:/Mendeley/Cao, Zhou, Ye - 2021 - Aerodynamic characteristic comparison of ultra-highly and normally loaded fans.pdf:pdf},
issn = {00019240},
journal = {Aeronautical Journal},
keywords = {Aerodynamic design,Flow field simulation,Geared turbofan,High bypass ratio,Load coefficient},
number = {1293},
pages = {2021--2038},
title = {{Aerodynamic characteristic comparison of ultra-highly and normally loaded fans}},
volume = {125},
year = {2021}
}
@phdthesis{Jvik2020,
author = {Владимирович, Жвик Владислав},
file = {:D$\backslash$:/Mendeley/488bafa480491c6b7fb6378bafbf31e9.pdf:pdf},
language = {russian},
pages = {111},
title = {{Эволюция и взаимодействие вихревых структур в струйных и отрывных течениях}},
year = {2020}
}
@phdthesis{2017c,
author = {Попов, Виталий Владимирович},
language = {russian},
school = {Нац. исслед. ун-т МЭИ},
title = {{Результаты расчетно-экспериментального исследования влияния сепарации на характеристики жидкой фазы за сопловой турбинной решёткой}},
year = {2017}
}
@inproceedings{IVES1976,
address = {Reston, Virigina},
author = {IVES, D. and LIUTERMOZA, J.},
booktitle = {9th Fluid and PlasmaDynamics Conference},
doi = {10.2514/6.1976-370},
file = {:D$\backslash$:/Mendeley/ives1976.pdf:pdf},
month = {jul},
publisher = {American Institute of Aeronautics and Astronautics},
title = {{Analysis of transonic cascade flow using conformal mapping and relaxation techniques}},
url = {https://arc.aiaa.org/doi/10.2514/6.1976-370},
year = {1976}
}
@article{Denton2015,
abstract = {The origins and effects of loss in turbomachines are discussed with the emphasis on trying to understand the physical origins of loss rather than on reviewing the available prediction methods. Loss is defined in terms of entropy increase and the relationship of this to the more familiar loss coefficients is derived and discussed. The sources of entropy are in general: Viscous effects in boundary layers, viscous effects in mixing processes, shock waves and heat transfer across temperature differences. These are first discussed in general and then the results are applied to turbomachinery flows. Understanding of the loss due to heat transfer requires some discussion of cycle thermodynamics. Sections are devoted to discussing: Blade boundary layer and trailing edge loss, tip leakage loss, endwall loss, effects of heat transfer and miscellaneous losses. The loss arising from boundary layer separation is particularly difficult to quantify. Most of the discussion is based on axial flow machines but a separate section is devoted to the special problems of radial flow machines. In some cases, eg attached blade boundary layers, the loss mechanisms are well understood, but even so the loss can seldom be predicted with great accuracy. In many other cases, eg endwall loss, the loss mechanisms are still not clearly understood and prediction methods remain very dependent on correlations. The paper emphasises that the use of correlations should not be a substitute for trying to understand the origins of loss and suggests that a good physical understanding of the latter may be more valuable than a quantitative prediction.},
author = {Denton, J. D.},
doi = {10.1115/93-GT-435},
isbn = {9780791878897},
journal = {ASME 1993 International Gas Turbine and Aeroengine Congress and Exposition, GT 1993},
keywords = {Blades,Boundary layers,Heat transfer,Leakage,Machinery,Radial flow,Separation (Technology),Shock waves,Turbomachinery},
month = {feb},
publisher = {American Society of Mechanical Engineers Digital Collection},
title = {{Loss Mechanisms in Turbomachines}},
url = {/GT/proceedings-abstract/GT1993/78897/244240},
volume = {2},
year = {2015}
}
@article{Jin2021,
abstract = {Discrete vortex method can effectively simulate the flow past an arbitrary body immersed in a two-dimensional, incompressible, viscous, infinite fluid. However, a common and insurmountable difficulty is encountered to deal with the vortex blobs leaking into the body. In this work, a novel boundary method is proposed to handle this issue, based on the circle theorem technique. Under this algorithm, the identical vortices are introduced outside the body to counteract the lost strengths of vortices through the use of the circle theorem and surface curvature. The novel method keeps the body surface streamlined and guarantees the total circulation to be conserved at each time step. A series of numerical simulations of flow over various cross-sectional bodies at high Reynolds numbers are performed to validate the accuracies in predicting the hydrodynamic loads, including flow past elliptic, foil, square, and triangular cylinders. Good agreements are obtained between the new technique predictions and experimental results.},
author = {Jin, Guoqing and Zou, Li and Jiang, Yichen and Zong, Zhi and Sun, Zhe},
doi = {10.1016/j.jweia.2020.104496},
file = {:D$\backslash$:/Mendeley/Jin et al. - 2021 - A circle theorem technique to handle 2-D flows around arbitrary cylinders in discrete vortex method.pdf:pdf},
issn = {01676105},
journal = {Journal of Wind Engineering and Industrial Aerodynamics},
keywords = {Arbitrary body,Boundary method,Circle theorem technique,Discrete vortex method,Impenetrable condition,Surface curvature},
number = {December 2020},
pages = {104496},
publisher = {Elsevier Ltd},
title = {{A circle theorem technique to handle 2-D flows around arbitrary cylinders in discrete vortex method}},
url = {https://doi.org/10.1016/j.jweia.2020.104496},
volume = {209},
year = {2021}
}
@article{McGlumphy2009,
abstract = {The tandem airfoil has potential to do more work as a compressor blade than a single airfoil without incurring significantly higher losses. Although tandem blades are sometimes employed as stators, they have not been used in any known commercial rotors. While the long-term goal for this program is development of a commercially viable tandem rotor, this paper discusses tandem airfoils in subsonic, shock-free rectilinear cascade flow. Existing literature data on tandem airfoils in rectilinear cascades have been compiled and presented in a Lieblein loss versus loading correlation. Large scatter in the data gave motivation to conduct an extensive 2D computational fluid dynamics (CFD) study evaluating the overall performance as a function of the relative positions of the forward and aft airfoils. CFD results were consistent with trends in the open literature, both of which indicate that a properly designed tandem airfoil can outperform a comparable single airfoil on and off design. The general agreement of the CFD and literature data serves as a validation for the computational approach. {\textcopyright} 2009 by ASME.},
author = {McGlumphy, Jonathan and Ng, Wing Fai and Wellborn, Steven R. and Kempf, Severin},
doi = {10.1115/1.2952366/468830},
issn = {0889504X},
journal = {Journal of Turbomachinery},
keywords = {Cascade,Compressor,Computational,Gas turbine,Tandem blade},
month = {apr},
number = {2},
publisher = {American Society of Mechanical Engineers Digital Collection},
title = {{Numerical investigation of tandem airfoils for subsonic axial-flow compressor blades}},
url = {https://dx.doi.org/10.1115/1.2952366},
volume = {131},
year = {2009}
}
@book{Umnov1951,
address = {М.},
author = {Умнов, Евгений Иванович},
language = {russian},
pages = {20},
title = {{Потенциальное обтекание несжимаемой жидкостью решеток из теоретических профилей произвольных толщины и вогнутости: Автореф{\ldots} дис. кан. техн. наук}},
year = {1951}
}
@article{furaschov2022,
author = {Фурашов, А С and Арбеков, А Н and Васенина, П М and Митрофович, В В and Семилет, Н А},
doi = {10.18698/0236-3941-2022-4-138-153},
file = {:D$\backslash$:/Mendeley/Фурашов et al. - 2022 - Математическое моделирование течения в рабочем колесе вентилятора с меридиональным ускорением.pdf:pdf},
journal = {Вестник МГТУ им. Н.Э. Баумана. Серия «Машиностроение»},
language = {russian},
number = {4},
title = {{Математическое моделирование течения в рабочем колесе вентилятора с меридиональным ускорением}},
year = {2022}
}
@article{Jincheng2023,
author = {Jincheng, Tang and Yongqi, Xie and Hongwei, Wu and Hongxia, Gao and Jianzu, Yu},
doi = {10.1007/978-981-19-7652-0_30},
pages = {312--323},
title = {{Design and Performance Analysis of Aviation Axial Fan with Modified Variable Circulation Method}},
url = {https://link.springer.com/10.1007/978-981-19-7652-0{\_}30},
year = {2023}
}
@article{Bammert1980,
abstract = {In axial flow compressors with high degrees of reaction the transfer of energy can be increased by using suitable tandem cascade arrangements. The application of multistage tandem cascade systems therefore allows savings in constructional length and blading and thus a very compact compressor design. Therefore a four-stage tandem cascade compressor with 100 percentreaction was built. To determine the operating behavior of the machine, thecompressor characteristic on speed control was measured. For optimization and further development of this compressor the characteristics on adjustmentof all stator blade rows and speed control were measured. To allow the behavior of the stator blade rows and tandem cascade wheels to be assessed, thechannel flow in the axial gaps behind selected wheels was measured. The tandem cascade compressor, its layout and the results of experimental investigations are presented and discussed. {\textcopyright} 1980 by ASME.},
author = {Bammert, K. and Beelte, H.},
doi = {10.1115/1.3230369},
issn = {0022-0825},
journal = {Journal of Engineering for Power},
keywords = {Axial flow,Blades,Cascades (Fluid dynamics),Channel flow,Compressors,Design,Energy transformation,Machinery,Optimization,Stators,Wheels},
month = {oct},
number = {4},
pages = {971--977},
publisher = {American Society of Mechanical Engineers Digital Collection},
title = {{Investigations of an Axial Flow Compressor with Tandem Cascades}},
url = {https://dx.doi.org/10.1115/1.3230369},
volume = {102},
year = {1980}
}
@article{Brusilovskiy2004,
address = {М.},
author = {Брусиловский, И В},
journal = {Труды ЦАГИ},
language = {russian},
number = {2650},
pages = {276},
publisher = {ЦАГИ},
title = {{Аэродинамика и акустика осевых вентиляторов}},
year = {2004}
}
@book{Karadji2012,
address = {М.},
author = {Караджи, С В},
pages = {121},
title = {{Улучшение аэродинамических и акустических характеристик ступеней осевых компрессоров и вентиляторов изменением формы оси рабочих лопаток: Дис. ... канд. тех. наук: 05.04.12}},
year = {2012}
}
@book{Tereschenko1988,
address = {М.},
author = {Терещенко, Ю М},
isbn = {5-217-00124-0},
language = {russian},
pages = {168},
publisher = {Машиностроение},
title = {{Аэродинамическое совершенствование лопаточных аппаратов компрессоров}},
year = {1988}
}
@article{Shuang2010,
abstract = {This article is aimed to experimentally validate the beneficial effects of boundary layer suction on improving the aerodynamic performance of a compressor cascade with a large camber angle. The flow field of the cascade is measured and the ink-trace flow visualization is also presented. The experimental results show that the boundary layer suction reduces losses near the area of midspan in the cascade most effectively for all suction cases under test. Losses of the endwall could remarkably decrease only when the suction is at the position where the boundary layer has separated but still not departed far away from the blade surface. It is evidenced that the higher suction flow rate and the suction position closer to the trailing edge result in greater reduction in losses and the maximum reduction in the total pressure loss accounts to 16.5{\%} for all cases. The suction position plays a greater role in affecting the total pressure loss than the suction flow rate does. {\textcopyright} 2010 Chinese Journal of Aeronautics.},
author = {Shuang, Guo and Shaowen, Chen and Yanping, Song and Yufei, Song and Fu, Chen},
doi = {10.1016/S1000-9361(09)60202-8},
file = {:D$\backslash$:/Mendeley/1-s2.0-S1000936109602028-main.pdf:pdf},
issn = {10009361},
journal = {Chinese Journal of Aeronautics},
keywords = {boundary layer suction,experimental investigation,high-load diffusion cascade,turbomachinery},
number = {2},
pages = {179--186},
publisher = {Chinese Journal of Aeronautics},
title = {{Effects of Boundary Layer Suction on Aerodynamic Performance in a High-load Compressor Cascade}},
url = {http://dx.doi.org/10.1016/S1000-9361(09)60202-8},
volume = {23},
year = {2010}
}
@phdthesis{Bokuchaeva2023,
author = {Бокучава, Наталья Юрьевна},
file = {:D$\backslash$:/Mendeley/0902-thesis.pdf:pdf},
language = {russian},
school = {ФГАОУ ВО «Санкт-Петербургский политехнический университет Петра Великого»},
title = {{Дисперсный анализ процессной и вторичной влаги влажно-парового потока экспериментальными методами в последних ступенях цилиндров низкого давления паровых турбин}},
year = {2023}
}
@book{Peschechonov1962a,
address = {М.},
author = {Пешехонов, Н Ф},
language = {russian},
pages = {184},
publisher = {Оборонгиз},
title = {{Приборы для измерения давления, температуры и направления потока в компрессорах}},
year = {1962}
}
@phdthesis{2018,
author = {Сайченко, Александр Сергеевич},
file = {:D$\backslash$:/Mendeley/0715-thesis.pdf:pdf},
language = {russian},
school = {С.-Петерб. политехн. ун-т},
title = {{Расчетное и экспериментальное аэродинамическое исследование паровой турбины с органическим рабочим телом}},
year = {2018}
}
@book{Stepanov1962,
address = {М.},
author = {Степанов, Георгий Юрьевич},
pages = {512},
publisher = {Физматгиз},
title = {{Гидродинамика решёток турбомашин}},
year = {1962}
}
@book{1959,
address = {М.},
author = {Эккерт, Б},
language = {russian},
pages = {678},
publisher = {Гос. науч. -техн. изд-во машиностроит. лит.},
title = {{Осевые и центробежные компрессоры. Применение, теория, расчет}},
year = {1959}
}
@phdthesis{2019b,
author = {Падашмоганло, Тохид},
file = {:D$\backslash$:/Mendeley/390-Диссертация.pdf:pdf},
language = {russian},
school = {Нац. исслед. ун-т МЭИ},
title = {{Разработка и исследование систем гашения неравномерности и нестационарности полей скоростей в каналах трубопроводных систем и каналах турбомашин}},
year = {2019}
}
@book{1978,
address = {М.},
author = {Лойцянский, Л Г},
pages = {736},
publisher = {Наука},
title = {{Механика жидкости и газа}},
year = {1978}
}
@phdthesis{2019j,
author = {Серков, Сергей Александрович},
file = {:D$\backslash$:/Mendeley/Dissertacija{\_}Serkov{\_}S.{\_}A.pdf:pdf},
language = {russian},
title = {{Идентификация и устранение углового отрыва потока в лопаточных венцах при решении задач численного моделирования течения в осевых компрессорах ГТД}},
year = {2019}
}
@article{Hausenblas1963,
author = {Hausenblas, H},
journal = {Heiz. L{\"{u}}ft. Haustechnik},
title = {{Vergleich der verschiedenen Grenzbedingungen f{\"{u}}r den Innendurchmesser von Axialgebl{\"{a}}sen}},
volume = {155},
year = {1963}
}
@article{McKenzie1997,
author = {McKenzie, A. B.},
title = {{Axial Flow Fans and Compressors: Aerodynamic Design and Performance}},
year = {1997}
}
@article{IVES1978,
author = {IVES, D. and LIUTERMOZA, J.},
doi = {10.2514/6.1978-1149},
file = {:D$\backslash$:/Mendeley/ives1978.pdf:pdf},
title = {{Second order accurate calculation of transonic flow over turbomachinery cascades}},
year = {1978}
}
@phdthesis{Barskov2023,
author = {Барсков, Виктор Валентинович},
file = {:D$\backslash$:/Mendeley/Барсков Выбор параметров и обоснование конструктивной схемы малогабаритной газотурбинной установки с независимым соотношением частот вра.pdf:pdf},
language = {russian},
school = {ФГАОУ ВО «Санкт-Петербургский политехнический университет Петра Великого»},
title = {{Научные основы цифровых двойников многотопливных газотурбинных установок с внешним подводом теплоты}},
year = {2023}
}
@article{furaschov2022a,
author = {Фурашов, А С and Митрофович, В В and Арбеков, А Н},
file = {:D$\backslash$:/Mendeley/Фурашов, Митрофович, Арбеков - 2022 - Математическое моделирование течения в решетках с осевым ускорением потока.pdf:pdf},
journal = {Компрессорная техника и пневматика},
language = {russian},
number = {3},
pages = {19--23},
title = {{Математическое моделирование течения в решетках с осевым ускорением потока}},
year = {2022}
}
@article{Komarov1967,
address = {М.},
author = {Комаров, А П},
journal = {Лопаточные машины и струйные аппараты},
language = {russian},
number = {2},
pages = {67--110},
publisher = {Машиностроение},
title = {{Исследование плоских компрессорных решеток}},
year = {1967}
}
@article{Hall2012,
abstract = {This paper presents a framework for estimating the upper limit of compressor stage efficiency. Using a compressor stage model with a representative design velocity distribution with turbulent boundary layers, losses are calculated as the sum of selected local irreversibilities, rather than from correlations based on data from existing machines. By considering only losses that cannot be eliminated and optimizing stage design variables for minimum loss, an upper bound on stage efficiency can be determined as a function of a small number of stage design parameters. The impact of the stage analysis results are evaluated in the context of gas turbine cycle performance. The implication from the results of the stage level and cycle analyses is that compressor efficiency improvements that result in substantial increases in cycle thermal efficiency are still to be realized. Copyright {\textcopyright} 2012 by ASME.},
author = {Hall, D. K. and Greitzer, E. M. and Tan, C. S.},
doi = {10.1115/GT2012-69709},
file = {:D$\backslash$:/Mendeley/Hall, Greitzer, Tan - 2012 - Performance limits of axial compressor stages.pdf:pdf},
isbn = {9780791844748},
journal = {Proceedings of the ASME Turbo Expo},
number = {PARTS A, B, AND C},
pages = {479--489},
title = {{Performance limits of axial compressor stages}},
volume = {8},
year = {2012}
}
@article{Wardhana2021,
abstract = {Modelling of unidirectional and oscillatory flows around a cylinder near a wall using an overlapping grid system is carried out. The circular grid system of the cylinder was overlapped with the rectangular grid system of the wall. The use of such an overlapping grid system is intended to reduce the CPU time compared to the cloud scheme in which vortex-to-vortex interaction is used, i.e., especially in calculating the shedding vortex velocity, since calculating the vortices velocity takes the longest CPU time. This method is not only time efficient, but also gives a better distribution of surface vorticity as the scattered vortices around the body are now concentrated on a grid point. Therefore, grid-to-grid interaction is used instead of vortex-to-vortex interaction. Velocity calculation was also carried out using this overlapping grid in which the new incremental shift position was summed up to obtain the total new vortices position. The engineering applications of this topic are to simulate the loading of submarine pipeline placed close to the seabed or to simulate the flow as a result of the scouring process below the cylinder since there is space for the fluid to flow beneath it. The in-line and transverse force coefficients are found by integrating the pressure around the cylinder surface. The flow patterns are then obtained and presented. The comparison of the results with experimental evidence is presented and the range of good results is discussed.},
author = {Wardhana, Wisnu and Wardhana, Ede Mehta and Soetardjo, Meitha},
doi = {10.3390/fluids6060211},
issn = {23115521},
journal = {Fluids},
language = {russian},
number = {6},
title = {{Discrete vortex prediction of flows around a cylinder near a wall using overlapping grid system}},
volume = {6},
year = {2021}
}
@book{Joukovskiy1949,
address = {М.},
author = {Жуковский, Николай Егорович},
language = {russian},
pages = {489--626},
publisher = {ГТТИ},
title = {{Видоизменение метода Кирхгофа для определения движения жидкости в двух измерениях при постоянной скорости, данной на линии тока. Собрание сочинений т.2}},
year = {1949}
}
@article{VanEck2023,
abstract = {{\textless}p{\textgreater}In an attempt to reduce engine frontal area, while maintaining a high single stage pressure ratio, mixed flow compressor stages are frequently used in micro gas turbine (MGT) engines. The expansion of the choke margin of such a mixed flow compressor is presented. The use of a crossover diffuser configuration in a mixed flow compressor stage has displayed superior performance results compared to legacy diffuser configurations, especially when geometric restrictions are enforced. A disadvantage of a crossover diffuser configuration is that it typically displays an inferior operating range compared to legacy diffuser configurations. In an attempt to expand the choke margin of a MGT mixed flow compressor, the use of tandem and splitter vane crossover diffuser configurations was evaluated. It was found that a low solidity first vane row configuration provided a 3{\%} increase in choke margin. A splitter vane crossover diffuser configuration provided a 5.9{\%} increase in choke margin. A tandem vaned diffuser with a reduced first row vane number provided a 7.8{\%} increase in choke margin.{\textless}/p{\textgreater}},
author = {van Eck, Hano and van der Spuy, Sybrand J. and Gannon, Anthony J.},
doi = {10.1515/TJJ-2022-0060},
issn = {0334-0082},
journal = {International Journal of Turbo {\&} Jet-Engines},
month = {feb},
number = {0},
title = {{Expanding the choke margin of a mixed flow compressor stage for a micro gas turbine engine}},
url = {https://www.degruyter.com/document/doi/10.1515/tjj-2022-0060/html},
volume = {0},
year = {2023}
}
@phdthesis{2017a,
author = {Бетинская, Оксана Андреевна},
language = {russian},
school = {Ур. федер. ун-т имени первого Президента России Б.Н. Ельцина},
title = {{Организация рабочего процесса в универсальной камере сгорания газотурбинной установки для утилизации попутного нефтяного газа}},
year = {2017}
}
@phdthesis{2019a,
author = {Смирнов, Максим Викторович},
language = {russian},
school = {С.-Петерб. политехн. ун-т Петра Великого},
title = {{Безлопаточные центробежные ступени для турбодетандеров малой мощности}},
year = {2019}
}
@book{Schlichting1974,
address = {М.},
author = {Шлихтинг, Г},
file = {:D$\backslash$:/Mendeley/Шлихтинг - 1969 - Теория пограничного слоя.pdf:pdf},
language = {russian},
pages = {744},
publisher = {Наука},
title = {{Теория пограничного слоя}},
year = {1974}
}
@article{Strscheletzky1955,
author = {Strscheletzky, M},
journal = {Voith-Forschung und Konstruktion},
number = {5},
title = {{Gleichgewichtsformen von Str{\"{o}}mungen mit konstantem Drall in zylindrischen Rotationshohlr{\"{a}}umen}},
year = {1955}
}
@article{Bamberger2017,
abstract = {This article discusses the development, application, and validation of an optimization method for the impellers of axial fans. The method is supposed to be quick, accurate, and applicable to optimization at an extensive range of design points (DPs). Optimality here means highest possible total-to-static efficiency for a given design point and is obtained by an evolutionary algorithm in which the target function is evaluated by computational fluid dynamics (CFD)-trained artificial neural networks (ANN) of the multilayer perceptron (MLP) type. The MLPs were trained with steady-state CFD (i.e., Reynolds-averaged Navier-Stokes (RANS)) results of approximately 14,000 distinct impellers. After this considerable one-time effort to generate the CFD dataset, each new fan optimization can be performed within a few minutes. It is shown in this article that the MLPs are reliably applicable to all typical design points of axial fans according to Cordier's diagram. Moreover, an extension of the design space toward the classic realm of mixed-flow or even centrifugal fans is observed. It is also shown that the optimization method successfully handles geometrical and operational constraints proving the high degree of universality of the method. Another focus of this article is on the application of the newly developed optimization method to numerous design points. This yields two major findings: the estimation of maximum achievable total-to-static efficiency as a function of the targeted design point (with and without geometrical constraints) as well as a quantification of the improvement over fans designed with classic methods. Both investigations are supported by flow field analyses to aerodynamically explain the findings. Experimental validation of the method was performed with a total of nine prototypes. The positive correlation between MLP, CFD, and experiment successfully validates the methodology.},
author = {Bamberger, Konrad and Carolus, Thomas},
doi = {10.1115/1.4036764},
file = {:D$\backslash$:/Mendeley/Bamberger, Carolus - 2017 - Development, application, and validation of a quick optimization method for the class of axial fans.pdf:pdf},
issn = {15288900},
journal = {Journal of Turbomachinery},
number = {11},
pages = {1--27},
title = {{Development, application, and validation of a quick optimization method for the class of axial fans}},
volume = {139},
year = {2017}
}
@article{Truckenbrodt1952,
author = {Truckenbrodt, E.},
doi = {10.1007/BF00536673},
file = {:D$\backslash$:/Mendeley/BF00536673.pdf:pdf},
issn = {00201154},
journal = {Ingenieur-Archiv},
number = {4},
pages = {211--228},
title = {{Ein Quadraturverfahren zur Berechnung der laminaren und turbulenten Reibungsschicht bei ebener und rotationssymmetrischer Str{\"{o}}mung}},
volume = {20},
year = {1952}
}
@article{furaschov2022,
author = {Фурашов, А С and Арбеков, А Н and Васенина, П М and Митрофович, В В and Семилет, Н А},
doi = {10.18698/0236-3941-2022-4-138-153},
file = {:D$\backslash$:/Mendeley/Фурашов et al. - 2022 - Математическое моделирование течения в рабочем колесе вентилятора с меридиональным ускорением.pdf:pdf},
journal = {Вестник МГТУ им. Н.Э. Баумана. Серия «Машиностроение»},
language = {russian},
number = {4},
title = {{Математическое моделирование течения в рабочем колесе вентилятора с меридиональным ускорением}},
year = {2022}
}
@book{Zamolodchikov2019,
address = {М.},
author = {Замолодчиков, Г И},
file = {:D$\backslash$:/Mendeley/Диссертация{\_}4.pdf:pdf},
language = {russian},
pages = {134},
title = {{Разработка метода проектирования осевых вентиляторов с расширенной областью экономичной работы: Дис. ... канд. тех. наук: 05.04.12}},
year = {2019}
}
@article{furaschov2022a,
author = {Фурашов, А С and Митрофович, В В and Арбеков, А Н},
file = {:D$\backslash$:/Mendeley/Фурашов, Митрофович, Арбеков - 2022 - Математическое моделирование течения в решетках с осевым ускорением потока.pdf:pdf},
journal = {Компрессорная техника и пневматика},
language = {russian},
number = {3},
pages = {19--23},
title = {{Математическое моделирование течения в решетках с осевым ускорением потока}},
year = {2022}
}
@article{Zamolodchikov2017,
author = {Замолодчиков, Г И},
doi = {10.7463/0117.0000920},
file = {:D$\backslash$:/Mendeley/Повышение эффективности вентилятора на различных рабочих режимах путем изменения формы лопатки направляющего аппарата.pdf:pdf},
journal = {Наука и Образование. МГТУ им. Н.Э. Баумана. Электрон. журн.},
language = {russian},
number = {01},
pages = {20--36},
title = {{Повышение эффективности вентилятора на различных рабочих режимах путем изменения формы лопатки направляющего аппарата}},
year = {2017}
}
@article{Grizenko2017a,
author = {Гриценко, Никита Игоревич and Голощапов, Владимир Николаевич},
file = {:D$\backslash$:/Mendeley/Гриценко, Голощапов - 2017 - Влияние формы проточной части на уровень давления создаваемый осевым вентилятором.pdf:pdf},
journal = {Вісник НТУ «ХПІ» Серія: Енергетичні та теплотехнічні процеси й устаткуваня},
language = {russian},
number = {9 (1231)},
pages = {90--95},
title = {{Влияние формы проточной части на уровень давления создаваемый осевым вентилятором}},
year = {2017}
}
@article{furaschov2022,
author = {Фурашов, А С and Арбеков, А Н and Васенина, П М and Митрофович, В В and Семилет, Н А},
doi = {10.18698/0236-3941-2022-4-138-153},
file = {:D$\backslash$:/Mendeley/Фурашов et al. - 2022 - Математическое моделирование течения в рабочем колесе вентилятора с меридиональным ускорением.pdf:pdf},
journal = {Вестник МГТУ им. Н.Э. Баумана. Серия «Машиностроение»},
language = {russian},
number = {4},
title = {{Математическое моделирование течения в рабочем колесе вентилятора с меридиональным ускорением}},
year = {2022}
}
@article{Mitrofovich1991,
address = {М.},
author = {Митрофович, В В},
file = {:D$\backslash$:/Mendeley/Митрофович - 1991 - Определение предельных расчетных параметров осевых вентиляторов с высоким статическим КПД.pdf:pdf},
journal = {Промышленная аэродинамика},
language = {russian},
number = {4(36)},
pages = {260--280},
publisher = {Машиностроение},
title = {{Определение предельных расчетных параметров осевых вентиляторов с высоким статическим КПД}},
year = {1991}
}
@book{Brusilovskiy1986,
address = {М.},
author = {Брусиловский, И В},
file = {:D$\backslash$:/Mendeley/Аэродинамический расчет осевых вентиляторов.djvu:djvu},
language = {russian},
pages = {288},
publisher = {Машиностроение},
title = {{Аэродинамический расчет осевых вентиляторов}},
year = {1986}
}
@article{Brusilovskiy2004,
address = {М.},
author = {Брусиловский, И В},
journal = {Труды ЦАГИ},
language = {russian},
number = {2650},
pages = {276},
publisher = {ЦАГИ},
title = {{Аэродинамика и акустика осевых вентиляторов}},
year = {2004}
}
@article{Zamolodchikov2018,
author = {Замолодчиков, Г И and Тумашев, Р З and Щеголев, Н Л and Фурашов, А С and Семилет, Н А},
doi = {https://doi.org/10.12737/article_5c7e34f65790a3.68014009},
file = {:D$\backslash$:/Mendeley/Повышение эффективности промышленных вентиляторов при работе на нерасчетных режимах.pdf:pdf},
journal = {БЕЗОПАСНОСТЬ В ТЕХНОСФЕРЕ},
language = {russian},
number = {3},
pages = {43--51},
title = {{Повышение эффективности промышленных вентиляторов при работе на нерасчетных режимах}},
year = {2018}
}
@article{Dovjik1968,
address = {М.},
author = {Довжик, С А},
journal = {Труды ЦАГИ},
language = {russian},
number = {1099},
pages = {278},
publisher = {ЦАГИ},
title = {{Исследования по аэродинамике осевого дозвукового компрессора}},
year = {1968}
}
@article{Dovjik1958,
address = {М.},
author = {Довжик, С А},
journal = {Промышленная аэродинамика},
language = {russian},
number = {11},
pages = {140},
publisher = {Оборонгиз},
title = {{Профилирование лопаток осевого дозвукового компрессора}},
year = {1958}
}
@article{Zamolodchikov2018,
author = {Замолодчиков, Г И and Тумашев, Р З},
doi = {10.18698/0536-1044-2018-10-72-82},
file = {:D$\backslash$:/Mendeley/Влияние предварительной закрутки потока на эффективность регулирования вентилятора поворотом лопаток рабочего колеса.pdf:pdf},
issn = {05361044},
journal = {ИЗВЕСТИЯ ВЫСШИХ УЧЕБНЫХ ЗАВЕДЕНИЙ. МАШИНОСТРОЕНИЕ},
keywords = {adjustable fan,cfd,rotor blades,single-stage axial flow fan,variable pitch,вентиляции,ние для интенсификации технологических,осевые вентиляторы нашли широкое,примене-,про-,цессов промышленных предприятий},
language = {russian},
number = {703},
pages = {72--82},
title = {{Влияние предварительной закрутки потока на эффективность регулирования вентилятора поворотом лопаток рабочего колеса}},
year = {2018}
}
@book{Zamolodchikov2019,
address = {М.},
author = {Замолодчиков, Г И},
file = {:D$\backslash$:/Mendeley/Диссертация{\_}4.pdf:pdf},
language = {russian},
pages = {134},
title = {{Разработка метода проектирования осевых вентиляторов с расширенной областью экономичной работы: Дис. ... канд. тех. наук: 05.04.12}},
year = {2019}
}
@article{Brusilovskiy1962,
address = {М.},
author = {Брусиловский, И В},
journal = {Промышленная аэродинамика},
language = {russian},
number = {24},
pages = {74--81},
publisher = {Оборонгиз},
title = {{Вентиляторы с меридиональным ускорением потока}},
year = {1962}
}
@article{Zamolodchikov2022,
author = {Замолодчиков, Г И and Фурашов, А С and Тумашев, Р З},
doi = {10.17580/gzh.2022.03.06},
file = {:D$\backslash$:/Mendeley/Zamolodchikov, Furashov, Tumashev - 2022 - Optimal adjustment of mine fan geometry and operation.pdf:pdf},
issn = {00172278},
journal = {Горный журнал},
language = {russian},
number = {3},
pages = {43--49},
title = {{Метод определения оптимального способа регулирования работы шахтного вентилятора и его геометрических параметров}},
year = {2022}
}
@book{Uschakov1960,
address = {М.},
author = {Ушаков, К А and Брусиловский, И В and Бушель, А Р},
language = {russian},
pages = {422},
publisher = {Госгортехиздат},
title = {{Аэродинамика осевых вентиляторов и элементы их конструкций}},
year = {1960}
}
@book{Brusilovskiy1984,
address = {М.},
author = {Брусиловский, И В},
file = {:D$\backslash$:/Mendeley/Аэродинамика осевых вентиляторов.djvu:djvu},
language = {russian},
pages = {240},
publisher = {Машиностроение},
title = {{Аэродинамика осевых вентиляторов}},
year = {1984}
}
@article{Zamolodchikov2017,
author = {Замолодчиков, Г И},
doi = {10.7463/0117.0000920},
file = {:D$\backslash$:/Mendeley/Повышение эффективности вентилятора на различных рабочих режимах путем изменения формы лопатки направляющего аппарата.pdf:pdf},
journal = {Наука и Образование. МГТУ им. Н.Э. Баумана. Электрон. журн.},
language = {russian},
number = {01},
pages = {20--36},
title = {{Повышение эффективности вентилятора на различных рабочих режимах путем изменения формы лопатки направляющего аппарата}},
year = {2017}
}
@book{Zamolodchikov1978,
address = {М.},
author = {Брусиловский, И В},
file = {:D$\backslash$:/Mendeley/Аэродинамические схемы и характеристики осевых вентиляторов ЦАГИ.djvu:djvu},
language = {russian},
pages = {200},
publisher = {Недра},
title = {{Аэродинамические схемы и характеристики осевых вентиляторов ЦАГИ}},
year = {1978}
}
@article{Mitrofovich1999,
address = {М.},
author = {Митрофович, В В},
journal = {Труды ЦАГИ},
language = {russan},
pages = {197--211},
publisher = {ЦАГИ},
title = {{Исследование отрывного течения с когерентными структурами в кольцевом закрученном потоке за рабочим колесом осевого вентилятора}},
volume = {2634},
year = {1999}
}
@article{Brusilovskiy1975,
address = {М.},
author = {Брусиловский, И В},
journal = {Промышленная аэродинамика},
language = {russian},
pages = {123--146},
publisher = {Машиностроение},
title = {{Определение предельных расчетных параметров осевых вентиляторов}},
volume = {32},
year = {1975}
}
